2632 4770
205 248 270 338 eea
423 247 476 293 γ’
655 261 807 329 rnrua.

311 424 403 479 Plaut.
421 420 487 477 ciet.
504 420 531 486 2,
546 418 572 485 1,
587 417 631 472 29.
650 421 719 472 iuter
737 434 830 471 nouam
845 435 900 470 rem
913 417 1015 469 cabum
1035 419 1166 487 usurpabo
1187 426 1285 472 ortua.-

171 575 172 578 ,
278 512 356 580 Quae
374 507 520 577 Scioppius
536 505 661 571 Suspect.
676 502 790 567 [rect-5,
804 500 846 555 19.
866 502 981 565 confert,
998 500 1068 554 aliae
1086 503 1120 553 ad
1134 505 1270 558 observa-

275 598 364 652 tiones
385 613 433 647 uua
454 589 607 644 retulimus.
650 590 763 642 Sallust.
783 589 844 656 lug.
868 587 919 651 92,
943 585 969 638 5.
991 596 1048 639 erat
1068 589 1132 639 iuter
1156 597 1269 641 ceteram

273 682 411 752 planitiem
436 694 509 728 moue
532 693 631 726 careus.
674 673 787 723 Sueten.
812 672 901 740 Caiig.
924 670 968 722 39.
995 674 1097 740 Aponio
1122 675 1269 727 Saturnino

277 769 345 817 iuter
359 763 481 814 subsellia
494 761 662 812 dormitante.
687 756 813 809 Sallust.
829 758 889 824 lug.
905 756 948 820 89,
962 754 988 806 4.
1005 764 1062 807 erat
1078 758 1147 808 iuter
1171 759 1269 825 iugen-

278 851 314 902 tie
335 848 488 899 ualitudines
504 846 628 913 oppidum
649 860 787 911 magnum.
822 841 922 892 Florus
943 841 976 904 2,
992 839 1026 904 6,
1042 840 1085 891 41.
1114 843 1179 892 haec
1197 845 1268 894 iuter

275 935 379 986 diverte
400 937 533 982 terrarum
550 929 663 998 populus
686 943 818 979 romanus.
862 927 980 978 Carmen
1002 925 1029 976 in
1053 925 1180 978 Pisonem
1207 927 1267 979 159.

196 1053 221 1069 ..
274 1019 345 1072 mira
360 1017 444 1068 subest
456 1016 577 1085 gravitas
599 1016 667 1065 iuter
682 1018 765 1081 sora,
785 1013 883 1076 mirac,
902 1012 997 1062 omisca
1010 1013 1156 1078 paullisper
1170 1015 1267 1082 graui-

276 1109 348 1166 tate,
367 1103 445 1169 lepor.
481 1098 622 1166 Sulpiciae
640 1095 758 1149 81135.
776 1098 821 1164 qui
844 1113 886 1147 rea
905 1113 1030 1147 romanas
1053 1096 1164 1163 imperat
1186 1100 1266 1149 iuter.

278 1187 330 1239 Vel.
344 1193 398 1238 not
411 1183 566 1237 Schwaruii
583 1199 600 1236 a
621 1182 753 1236 Gurlittiu
770 1181 857 1265 editas
871 1198 897 1247 p.
912 1179 955 1232 29.
971 1188 998 1234 et
1013 1179 1131 1234 Misceil.
1149 1177 1266 1233 Observ.

276 1273 356 1325 Tam.
372 1268 397 1324 o.
416 1287 442 1338 p.
457 1267 517 1322 361.

311 1409 380 1461 later
397 1409 514 1478 exempta
528 1405 629 1460 dicitur
643 1422 693 1473 pro
713 1404 741 1456 ἔτι
755 1403 885 1472 exemptis.
914 1401 977 1454 vide
995 1420 1021 1455 n.
1035 1400 1061 1452 4.
1095 1403 1159 1453 Huc
1174 1403 1268 1454 refero

276 1493 426 1546 formulam
444 1510 478 1544 ex
498 1491 610 1558 antiquo
626 1508 677 1542 usu
693 1498 832 1541 servatam
854 1494 904 1556 per
927 1489 1019 1541 omnia
1041 1495 1181 1554 tempora,
1202 1493 1269 1542 iuter

277 1554 371 1631 mariae
399 1578 427 1628 h.
444 1594 468 1629 e.
491 1575 520 1627 in
538 1575 681 1641 manibus,
701 1575 843 1626 munibus:
874 1572 909 1624 ‹le
933 1590 987 1641 qua
1003 1575 1137 1627 Hadrian.
1154 1577 1267 1627 Cardia.

276 1663 310 1716 de
326 1663 399 1715 not.
414 1663 462 1714 lat¹
479 1662 497 1712 1.
518 1679 543 1728 p.
562 1661 621 1712 271.
640 1661 847 1713 Drakenborch.
862 1659 896 1711 ad
907 1658 977 1728 'Limv
994 1660 1019 1722 3,
1035 1660 1078 1723 13,
1095 1660 1120 1711 3.
1145 1667 1172 1711 et
1190 1663 1267 1712 Eutr-

277 1746 356 1800 eteiu.
374 1747 409 1800 ut
423 1745 514 1798 Tacit.
527 1745 637 1815 Dialug.
652 1746 678 1798 3.
714 1747 866 1812 Vrurpatur
882 1761 916 1796 ea
930 1752 956 1796 et
972 1744 1112 1811 primitivo
1131 1732 1214 1820 sensu
1233 1748 1267 1798 de

172 1845 175 1848 ’
263 1832 401 1900 4111111ιί658
416 1830 572 1895 collocatis,
592 1840 620 1884 et
635 1832 785 1895 translato,
805 1834 834 1881 ut
850 1829 885 1882 uit
900 1832 927 1887 iu
940 1839 1066 1898 potestate
1079 1850 1138 1884 esse.
1173 1833 1266 1884 Plaut.

274 1917 356 1970 Most.
373 1915 399 1980 2,
416 1915 441 1978 1,
458 1914 502 1966 38.
520 1916 631 1984 abripite
653 1917 721 1966 huuc
743 1917 812 1967 iutro
835 1924 951 1966 actutum
975 1918 1044 1968 inter
1066 1934 1170 1970 manus.
1208 1918 1265 1968 Cic.

93 2063 97 2070 Ι
277 1997 513 2063 Verr.5‚11‚28.
531 1999 620 2066 itaque
637 2000 965 2064 eranterr‘tueeiuomodr',
983 2009 1012 2051 ut
1033 2003 1100 2052 atius
1121 2003 1188 2053 iata-r
1204 2014 1261 2054 m‘a-

278 2103 329 2139 aaa
346 2103 359 2137 e
374 2084 486 2136 coavivio
499 2091 635 2152 tamquam
650 2102 664 2136 e
678 2084 776 2152 praetio
790 2088 946 2151 auferretur,
965 2087 1033 2136 alius
1049 2095 1183 2153 tamquam
1197 2089 1263 2139 occi-

277 2187 323 2222 sae
338 2169 535 2235 relinqueretur.
571 2166 620 2218 nbi
641 2165 781 2233 Zumpriur
805 2177 884 2220 acute
906 2170 1044 2237 perspexit
1066 2175 1264 2224 eorum'erro-

193 2233 197 2244 Ι
253 2278 260 2292 0
276 2269 352 2316 rem,
373 2251 420 2319 qui
431 2250 624 2304 intellexerant
639 2254 704 2304 inter
715 2269 837 2322 pugnam
853 2253 920 2322 (via.
936 2256 1084 2308 Burmann.
1102 2258 1136 2308 ud
1146 2256 1267 2313 Phaedr.

273 2337 299 2402 2,
313 2336 340 2405 7,
357 2335 412 2404 8.).
438 2336 578 2403 Eetcnim‚
597 2337 625 2392 iu
640 2336 774 2390 manibus.
811 2339 890 2391 Caes.
905 2341 938 2393 Β.
954 2340 1006 2392 civ.
1023 2341 1049 2405 2,
1066 2341 1092 2392 2.
1109 2344 1160 2407 trac
1175 2363 1264 2413 agger

277 2423 344 2476 inter
365 2440 459 2476 manue
479 2417 672 2494 proferebatur.
698 2421 717 2475 i.
734 2441 758 2475 e.
776 2425 913 2477 manibus.
956 2425 1054 2496 Virgil.
1076 2429 1141 2479 Aen.
1161 2426 1187 2492 9,
1204 2428 1265 2480 592.

276 2509 420 2578 corripiunt
435 2509 552 2577 interque
566 2527 660 2562 manua
674 2511 719 2566 tub
734 2517 802 2562 tecta
820 2518 955 2577 reponunt.
980 2511 1039 2562 Liv.
1055 2512 1080 2574 3,
1098 2511 1140 2575 13,
1154 2513 1179 2564 3.
1201 2517 1266 2566 ceei-

275 2594 343 2646 diese
363 2587 563 2645 semianimum:
589 2595 659 2646 iuter
685 2613 779 2646 manue
810 2595 914 2646 domum
943 2596 1067 2647 ablatum.
1108 2598 1206 2649 Senec.
1231 2600 1264 2651 de

183 2724 185 2728 .
274 2678 358 2730 Brea.
374 2677 424 2729 rit.
440 2676 484 2739 12,
501 2679 526 2730 6.
544 2678 813 2743 Tacit.'nnn.3,16.
834 2681 926 2730 audire
942 2685 981 2729 rae
1004 2684 1111 2732 memim'
1133 2702 1162 2733 eu
1180 2687 1265 2735 senio-

276 2764 348 2829 ritat
365 2764 448 2814 viuum
468 2764 571 2831 saepius
592 2765 658 2814 iuter
681 2781 773 2815 manus
795 2765 896 2814 Pisonis
918 2765 1041 2814 libellum.
1076 2767 1149 2817 luter
1168 2785 1266 2821 manue

275 2845 372 2899 trabere
387 2846 460 2899 Ptin.
476 2846 562 2913 Epist.
577 2847 603 2910 2,
620 2845 646 2910 5,
660 2847 686 2897 2.
704 2845 730 2909 5,
747 2847 773 2910 5,
789 2846 815 2898 7.
838 2841 936 2896 Florae
951 2846 983 2910 3,
1004 2847 1055 2911 21,
1079 2848 1104 2900 6.
1131 2853 1264 2906 Baebium

189 2953 190 2956 ¹
274 2931 414 2999 ciueser'ro
428 2933 481 2983 ritu
491 2935 614 2998 serarum
628 2933 695 2982 iuter
714 2948 806 2981 manua
823 2932 962 2982 laniatum.
991 2931 1038 2982 ubi
1053 2934 1096 2983 vd.
1114 2936 1217 2986 Duker.
1236 2940 1263 3001 3,

275 3013 325 3081 19,
343 3014 385 3067 12.
412 3008 587 3079 Oudendorp}
605 3014 639 3064 ad
655 3013 755 3065 Lucan.
771 3012 879 3077 2,121.
903 3015 997 3066 lustin.
1015 3015 1063 3080 15,
1082 3017 1114 3081 3,
1132 3018 1173 3069 12.
1194 3023 1264 3075 inter

112 3123 121 3135 s
215 3149 217 3152 ,
274 3117 370 3152 manue
385 3100 458 3170 regio
475 3100 661 3165 exspiraverat.
696 3099 806 3151 Sueten.
829 3099 908 3167 Verp.
925 3099 968 3151 24.
991 3102 1171 3156 Valenttlax.
1192 3105 1262 3170 5,1.

222 3197 229 3203 ·
275 3183 372 3250 Exta.
388 3185 479 3244 lacum,
496 3184 540 3248 put
553 3183 728 3247 intermortua
743 3191 787 3247 eet,
796 3186 904 3250 finiam.
923 3202 972 3252 pro
986 3189 1012 3238 ia
1027 3190 1157 3241 manibus.
1193 3195 1261 3245 Pro·

275 3268 334 3335 pria
352 3267 385 3317 de
401 3265 481 3318 libris
496 3265 598 3334 dieitur
611 3268 681 3319 iuter
695 3286 789 3321 manac
804 3274 910 3323 uersari.
936 3273 1022 3323 Cael.
1042 3275 1076 3325 ad
1093 3275 1151 3325 Cic.
1164 3275 1191 3340 8,
1199 3279 1225 3341 3,
1233 3277 1257 3332 8.

276 3353 408 3419 Pompon.
422 3349 529 3428 ³⁰9³&
544 3351 569 3414 l,
584 3350 611 3415 2,
625 3351 651 3415 2,
667 3350 711 3423 4⁴1.
745 3355 825 3422 Apud
842 3356 971 3409 Tacitum
988 3357 1021 3408 de
1037 3358 1144 3412 Orator.
1158 3361 1182 3412 3.
1199 3365 1256 3414 vut-

275 3453 311 3502 go
327 3434 448 3503 legitur:
468 3437 595 3488 cedentem
617 3437 716 3504 ipsura,
734 3446 758 3491 et
778 3457 851 3508 quem
869 3445 955 3511 pridie
975 3446 1144 3510 recitaverat,
1163 3449 1253 3499 tibrum

274 3520 344 3570 iutra
365 3537 457 3572 manue
476 3522 612 3573 habeatem
637 3522 857 3592 deprehendamus.
901 3527 933 3580 id
956 3546 1044 3596 nuper
1068 3531 1256 3583 Boetticherue

209 3597 210 3600 '
273 3601 397 3655 defendit
413 3594 551 3671 tamquam
566 3605 735 3660 insolentius.
770 3609 867 3677 Atqui
890 3615 1076 3680 reputaverit,
1095 3633 1176 3691 quarn
1195 3634 1257 3668 sae-

269 3704 311 3759 pe
325 3683 507 3746 incutiatur
523 3692 591 3742 iuter
615 3701 642 3744 et
658 3695 733 3746 intra
754 3696 812 3747 ease
834 3704 1011 3749 commutatae
1035 3715 1133 3762 vocae,
1153 3717 1207 3752 nou
1225 3703 1259 3754 ab

273 3772 421 3826 insolentia
435 3774 612 3842 improbabili
628 3785 736 3847 expetet
750 3787 942 3848 argnrnentum
958 3783 1132 3834 defensionis.

308 3910 408 3980 virgil.
428 3913 498 3967 Aen.
514 3895 557 3982 11,
573 3913 633 3968 311.
656 3923 719 3971 anre
741 3918 824 3972 oculor
845 3918 962 3987 interque
983 3939 1077 3975 marrae
1094 3930 1152 3976 ruat
1174 3926 1261 3976 amaia

272 4003 384 4052 uestrae.
1255 4010 1264 4029 ”
