2632 4770
166 235 207 296 os
383 230 396 243 ⁸
620 224 748 293 nnvn.
842 190 845 197 '

170 401 201 438 sa
215 399 275 438 esse
294 384 328 438 de
348 381 484 453 negetieis
506 381 653 452 particulis
674 379 834 435 Latinorum
852 377 1063 449 disputatumm·
1095 378 1131 436 id
1149 379 1222 437 mibi

171 487 248 538 spem
270 470 408 523 excitabat
430 466 498 520 lacti
522 466 586 521 otii:
611 484 675 520 nam
694 481 877 535 cognoveram
898 465 926 518 iu
941 467 994 519 boc
1013 465 1076 519 niro
1089 480 1229 537 magum·
1254 478 1258 493 ¹

171 555 345 610 sedulitatem
368 559 397 606 ct
414 550 521 620 ingenii
545 569 667 613 acumen.
709 553 801 619 Quare
817 550 1073 604 commentationem
1090 567 1149 618 per
1162 550 1222 603 lon·

171 656 241 711 gum
257 644 364 703 tempus
388 639 592 707 exspectabam,
611 643 641 690 ut
666 653 756 690 meam
781 634 941 689 sententiam
965 653 1028 688 cum
1043 634 1221 691 eruditissimi

171 722 279 783 iuvenis
304 720 420 774 decretis
447 738 635 792 componerem
657 730 739 791 atque
761 737 1004 790 recognoscerem
1035 714 1083 772 sed
1110 721 1219 774 frustm.

170 805 284 861 Interim
311 803 413 872 scripta
439 823 501 859 mea
525 808 700 861 tradebantur
723 806 911 880 typographo,
935 805 982 872 qui
1001 803 1068 859 duas
1092 803 1220 875 ple'gulss
1258 802 1261 865 Ξ

172 889 229 955 iu,
252 895 284 943 ut
300 908 370 942 nuno
396 891 540 959 leguntur,
567 891 637 962 typis
661 889 802 958 expressit
844 890 948 942 Iterum
968 888 1122 943 intercessit
1139 891 1232 961 longa¹

175 960 262 1028 meru.
302 974 380 1028 Nouo
403 992 484 1040 vcro,
505 975 553 1028 nbi
576 977 610 1028 ad
631 976 735 1028 librum
756 973 890 1028 edendum
910 980 1052 1037 revertor,
1069 974 1218 1028 afferuntur

174 1056 210 1111 ad
230 1075 275 1110 me
292 1060 531 1119 commentationes
557 1078 619 1113 cum
642 1058 780 1113 Ciceronis
804 1058 883 1111 libris
908 1058 941 1110 de
964 1056 1072 1111 officit·
1097 1059 1218 1127 emissae,
1257 1048 1261 1107 ἶ

174 1157 290 1209 quarum
306 1134 395 1212 prima
417 1146 581 1213 particulam
604 1147 675 1198 duod
699 1142 897 1211 complectitur.
930 1141 1042 1210 Perlegi
1060 1158 1122 1196 cam
1143 1150 1218 1213 atquc
1258 1190 1261 1195 .

175 1225 268 1280 statim
285 1228 415 1297 cognovi,
434 1247 479 1282 me
495 1229 587 1282 autin
605 1228 728 1281 omnibus
745 1245 868 1291 errasse,
888 1232 936 1280 aut
951 1226 1095 1280 stabiliora
1112 1229 1218 1282 unirer·

174 1312 374 1366 sae‘doctrinae
388 1314 563 1367 fundamenta
579 1312 693 1366 iecisse:
711 1329 775 1364 nam
789 1312 824 1389 de
840 1327 894 1363 unu
908 1311 1056 1378 eademque
1068 1330 1101 1367 re
1115 1319 1227 1368 sentens

175 1393 231 1453 tiue
253 1402 315 1450 sunt
331 1397 488 1466 propositae
511 1414 622 1466 prorsus
645 1395 816 1460 contrariae,
836 1411 918 1464 saepe
939 1396 1034 1448 iisdem
1057 1397 1219 1453 documentis

175 1466 316 1535 adhibitis.
347 1481 509 1536 ludioubnnt
531 1483 617 1552 igitur
636 1483 670 1534 de
689 1481 830 1547 utriusque
853 1480 1089 1535 demonstrationis
1107 1484 1221 1547 veritste

175 1565 310 1619 doctiores
332 1565 465 1620 homines.
500 1568 561 1638 Ego
581 1587 632 1622 nec
647 1567 742 1621 multis
765 1565 859 1618 verbis
880 1581 970 1617 meam
993 1567 1156 1622 sententium
1177 1568 1222 1621 de·

175 1650 302 1718 tendam,
321 1669 410 1720 neque
426 1651 534 1718 omniu,
560 1672 631 1722 quac
651 1671 668 1708 u
691 1646 890 1720 Stdrenburgio
911 1667 964 1705 non
985 1658 1061 1706 recte
1085 1652 1223 1720 disputata
1256 1698 1261 1707 .

67 1757 72 1762 ·
175 1752 236 1788 csse
249 1736 344 1802 video,
362 1736 545 1806 redargusmr
564 1736 793 1793 tamenbrovitsr
811 1736 952 1799 indicabo,
971 1752 1025 1802 quo
1050 1736 1132 1789 modo
1157 1737 1226 1791 snt-

176 1822 342 1891 senborgius
355 1840 408 1880 non
424 1822 564 1887 effecerit,
581 1830 612 1875 nt
628 1823 687 1875 ulla
703 1822 731 1874 in
753 1825 832 1890 parte
848 1822 997 1889 praecepta
1017 1835 1035 1872 a
1049 1836 1095 1873 me
1116 1818 1225 1889 exponi-

79 1912 87 1923 *
177 1909 207 1967 iu
224 1923 294 1964 nuuc
311 1913 418 1959 mittere
437 1906 561 1960 debeam.

189 2050 196 2068 Ι
245 1989 461 2060 Stfireuburgius
480 2008 542 2045 cum
565 1989 660 2047 multis
681 1989 744 2044 aliis
763 1990 836 2043 duod
858 1988 925 2042 dicit
946 1988 1138 2066 particulam,¹
1152 2006 1227 2061 quas

126 2082 151 2123 ι’
177 2088 241 2125 uum
262 2073 439 2131 fluctuatione
462 2082 562 2146 neget,
588 2077 722 2147 planeque
748 2070 908 2142 respondeat
934 2081 1024 2126 nostro
1049 2076 1120 2127 nictit
1142 2077 1224 2147 cbens

177 2171 248 2222 quae
261 2155 320 2223 ipse
333 2163 424 2215 tamen
440 2161 599 2230 germanice
612 2176 663 2211 vox
678 2176 761 2226 saepe
777 2159 834 2212 nim
848 2159 933 2213 babet
949 2158 1112 2211 sententiam
1129 2159 1225 2229 grevi-

178 2243 222 2293 tor
237 2239 381 2296 admodum
394 2245 577 2309 confirmandi,
595 2242 683 2296 veluti
703 2260 787 2312 quum
803 2244 956 2310 loquimur-r
976 2244 1047 2295 sciret
1060 2245 1096 2294 du
1113 2260 1140 2295 es
1152 2245 1225 2318 nicici

178 2326 259 2377 eben
272 2327 357 2378 tisun?
378 2331 421 2382 icb
436 2333 496 2384 tbne
513 2349 540 2384 cs
555 2332 638 2384 eben
654 2330 731 2385 nicht.
750 2329 804 2382 Sed
814 2328 894 2383 istem
904 2328 1131 2398 significationem
1140 2344 1226 2398 nega·

178 2405 259 2461 tiords
279 2409 434 2467 fluctuantis
453 2415 501 2468 iile
517 2416 712 2469 demonstrasse
725 2414 780 2466 sibi
794 2414 870 2465 visus
883 2419 924 2466 cst
939 2419 967 2482 et
980 2430 1031 2465 usu
1048 2417 1075 2464 et
1090 2414 1225 2481 etymolo-

178 2491 241 2560 gica
255 2494 362 2550 tutione
388 2499 550 2566 particulae.
584 2502 616 2552 In
641 2516 673 2552 eo
698 2498 801 2567 igitur,
820 2498 891 2566 quod
914 2513 1045 2566 graecum
1068 2499 1154 2565 sipha
1178 2516 1225 2552 co-

178 2584 291 2645 gnatum
308 2599 367 2634 esse
385 2583 468 2648 dixit,
487 2601 531 2636 me
547 2586 632 2640 babet
655 2584 880 2637 consentientem
901 2588 929 2634 at
950 2581 1117 2634 mirabiliter
1140 2584 1223 2636 aber·

128 2698 135 2711 ·
177 2663 251 2717 ravit
271 2681 288 2717 a
310 2667 443 2731 veritate,
471 2684 555 2735 quum
580 2668 671 2720 docuit
692 2669 809 2722 niteram
834 2665 961 2718 vocabuli
978 2672 1083 2733 portem
1105 2684 1167 2720 esse
1186 2676 1223 2733 sd,

178 2748 256 2818 pusii
278 2747 369 2801 borini
392 2751 460 2806 olim
473 2803 476 2810 ,
489 2752 708 2820 pronuntiassent
732 2753 845 2814 teu-ut,
878 2750 1001 2821 illudque
1025 2759 1055 2803 st
1074 2751 1224 2809 fluctuandi

176 2832 315 2887 notionem
331 2834 495 2904 significare.
529 2837 600 2889 Num
623 2854 659 2887 au
678 2835 706 2886 in
722 2835 809 2888 latina
829 2834 924 2904 lingua
941 2853 995 2888 una
1016 2840 1058 2887 est
1083 2835 1225 2903 primitive

177 2917 297 2983 vocalis,
315 2937 405 2988 nequa
419 2921 508 2973 ulium
522 2924 609 2972 exstat
626 2920 779 2986 exemplum
799 2920 946 2985 diaeresis,
964 2937 1013 2972 nco
1035 2919 1225 2974 contractionis

100 3064 103 3069 ,
176 3005 315 3075 saeuitum
331 3023 348 3057 u
364 3011 392 3057 et
404 3025 422 3058 a
437 3005 465 3059 in
481 3025 517 3058 eu
532 3007 637 3068 iactae,
655 3021 743 3071 neque
759 3004 840 3057 etiem
856 3014 883 3057 nt
905 3024 954 3073 per
973 3022 1003 3061 se
1021 3003 1225 3065 fluctuationem

137 3105 140 3110 ·
176 3076 313 3156 exprimit.
346 3091 430 3142 Vsum
444 3108 510 3143 nero
528 3090 660 3158 quomodo
674 3089 844 3163 perspexerit
858 3088 901 3141 vir
917 3089 1019 3153 doctus,
1038 3087 1136 3154 primo,
1153 3089 1226 3162 quod

178 3173 278 3239 affert,
298 3175 422 3240 exemplo
444 3176 591 3230 monstruni
612 3181 709 3243 potest.
744 3174 838 3228 Cicero
859 3174 893 3228 de
915 3174 982 3240 ch.
1002 3171 1027 3234 3,
1044 3171 1087 3237 11,
1103 3172 1146 3229 26.
1167 3173 1224 3229 aits

177 3260 227 3314 sois
239 3261 335 3323 solere,
346 3265 451 3328 freter,
471 3262 499 3311 io
515 3262 662 3313 huiusmodi
673 3276 803 3320 sermone,
820 3265 851 3309 ut
867 3260 978 3315 transsim'
998 3259 1049 3314 otio
1060 3259 1159 3327 poscit,
1175 3259 1226 3313 diei

178 3343 372 3409 admodum,
392 3351 439 3395 ont
454 3361 608 3411 prorsus
625 3345 680 3396 ita
696 3350 751 3407 est.
784 3341 817 3406 Q.
853 3343 936 3394 Herod
954 3343 1070 3409 equidem
1084 3343 1226 3401 assentione

128 3418 132 3424 ’
178 3432 208 3480 tu
223 3433 310 3479 tomen
325 3430 362 3480 ad
377 3429 474 3497 reliqna
486 3444 586 3496 perges
600 3429 684 3480 eelim.
697 3424 750 3477 'De
765 3424 809 3476 bis
826 3425 1042 3494 Stdrenburgius
1057 3427 1143 3479 baec:
1163 3442 1227 3491 „sa-

178 3511 214 3563 tis
237 3511 328 3578 inepte
351 3513 404 3566 hoc
428 3512 487 3564 loco
509 3512 621 3568 Marcus
645 3511 776 3578 Quintum
797 3511 912 3563 fratrem
931 3509 1085 3578 loquentem
1106 3511 1227 3576 iecisset,

178 3596 291 3664 gratim
315 3596 338 3648 si
363 3597 565 3653 band'sonnret
579 3613 660 3662 quom
680 3615 739 3648 non.
781 3595 852 3649 Nam
874 3600 932 3647 tum
957 3611 1068 3648 caussae
1090 3596 1227 3650 debebunt

172 3667 289 3746 'oderem
311 3698 360 3732 cur
375 3685 449 3734 tonte
468 3697 551 3746 opere
569 3680 724 3732 dissentiret
740 3679 871 3745 Quintus,
890 3696 922 3732 ac
934 3696 987 3731 non
1002 3686 1109 3747 poterat
1125 3681 1238 3749 diccra,¹

177 3766 299 3817 sevelis
318 3770 409 3818 tamen
427 3764 462 3817 sd
483 3764 591 3832 relique
610 3780 727 3832 pergere
741 3763 903 3817 Mareum.“
938 3764 1062 3831 ineptum
1083 3766 1228 3832 loquutioss·

176 3865 240 3901 nem
258 3850 385 3918 equidem
399 3866 452 3901 non
468 3849 564 3900 sentio.
599 3848 719 3902 Tantum
737 3847 810 3901 enim
825 3849 922 3902 aberat
945 3848 1076 3915 Quintus,
1095 3855 1125 3900 nt
1146 3849 1225 3903 dice-

177 3938 235 3996 rat,
252 3935 324 4001 quod
338 3935 456 3988 iusserat
468 3933 596 3994 Morcus,
612 3935 774 4002 pressurita
788 3941 842 4000 est,
860 3940 891 3989 nt
908 3935 984 3987 nullo
1005 3938 1087 4002 puoto
1108 3935 1226 3987 essenti-

177 4023 261 4073 rstnr.
293 4019 453 4081 Redeamus
468 4017 519 4074 illu
537 4018 623 4077 verba
638 4016 694 4074 sic:
711 4019 754 4076 tet
775 4019 875 4079 stimme
895 4033 967 4077 suut
991 4019 1150 4094 ketnuwegs
1174 4019 1224 4084 bct,
