2632 4770
233 302 293 367 173
696 281 814 351 IDEO.

346 450 407 505 liv.
421 445 448 511 ὁ,
467 442 512 511 25,
528 443 555 497 4.
586 443 716 497 comtum
732 439 871 495 identidem
894 439 1011 495 omnibns
1030 439 1094 494 iocis
1119 443 1284 519 maeinanis-

261 530 276 543 ”
304 543 356 591 tor.
389 532 440 598 85,
455 530 506 595 23,
525 529 552 584 2.
577 547 640 583 nom
665 527 710 580 etsi
734 542 784 597 per
803 526 1068 595 agarerenorum
1089 529 1182 582 amnia
1205 532 1285 600 capto-

304 623 438 675 radantur.
661 679 664 683 ⁴
743 631 747 643 ¹

349 722 410 775 Ide.
430 719 464 784 1,
479 715 510 781 9,
525 715 569 768 12.
591 715 732 784 maritimae
748 714 953 778 sciscitantibus,
970 716 1076 768 cainam
1098 733 1163 769 cam
1176 722 1283 786 ferm,

305 807 460 869 identidem,
479 819 510 853 ne
524 798 582 868 qais
598 800 726 863 violaret,
747 800 864 852 Talassio
871 798 945 865 ferri
959 800 1132 854 clamitatum.

351 905 435 960 erst.
454 903 492 957 ad
511 899 680 965 Herenni,
696 901 751 967 ¹22,
762 899 808 953 di.
832 903 880 953 sed
899 902 965 955 iilud
979 907 1076 970 ¹socero
1093 903 1238 971 oportebit,
1258 911 1282 957 at

308 993 448 1044 identidem
461 988 561 1058 primos
576 1005 687 1056 quosque
708 988 775 1039 loces
796 986 944 1055 imaginum
968 987 1178 1039 renovandorum
1198 1004 1300 1056 coqn-

308 1078 422 1130 celeriter
443 1074 531 1126 enimc
546 1087 734 1140 pervagemur.
761 1069 829 1123 niv.
848 1068 901 1134 33,
916 1068 969 1136 45,
983 1070 1009 1123 6.
1037 1073 1165 1127 aduersae
1185 1071 1280 1126 Harmi-

307 1161 361 1212 doii
377 1159 506 1227 sectionis
529 1159 647 1210 hmines
666 1154 827 1225 principibus
847 1156 978 1221 romanie,
992 1156 1086 1210 amicis
1110 1157 1218 1225 -auirqrre
1234 1156 1280 1212 trit
1302 1153 1303 1158 ¹

304 1244 444 1298 identidem
463 1243 616 1295 scribebant.

230 1383 235 1388 “
271 1446 274 1451 ,
321 1383 354 1442 7.
384 1372 579 1442 Laurentius
595 1373 690 1438 Valla
716 1373 863 1461 Elegant.
877 1377 919 1446 2,
936 1372 987 1438 50.
1012 1372 1205 1456 identidem
1222 1375 1274 1441 de·

238 1470 403 1531 monstrat
424 1484 494 1526 esse
509 1459 698 1546 frequenter
719 1481 797 1523 cum
813 1458 960 1544 quodam
986 1459 1180 1536 intervallo,
1200 1471 1236 1527 at
1251 1461 1293 1539 si,

131 1616 133 1623 ,
239 1552 303 1615 iter
317 1548 439 1613 faciens
458 1543 573 1610 crebro
593 1544 632 1609 ad
650 1547 809 1625 comitem
834 1545 1026 1630 respiciam,
1048 1567 1092 1610 an
1116 1568 1173 1611 me
1195 1568 1229 1611 se
1250 1549 1274 1611 oi

266 1635 363 1699 ossii:
390 1631 481 1720 quod
516 1631 715 1717 posteriores
743 1632 926 1716 scriptores
952 1629 1106 1694 dicebant
1134 1569 1278 1697 sentinis.-

237 1658 332 1787 Επεὶ
352 1719 452 1817 {gitur
465 1739 507 1781 ex
522 1716 582 1780 hac
599 1716 756 1802 opinione
780 1716 813 1779 id
840 1714 928 1800 quod
955 1738 1017 1779 eon
1038 1713 1122 1780 Zeit
1134 1740 1179 1781 zu
1195 1716 1273 1783 Zeit.

238 1809 281 1872 At
295 1827 336 1870 ex
352 1808 409 1882 ris,
432 1824 515 1888 quae
530 1824 592 1865 nos
616 1800 804 1879 attulimus,
824 1800 901 1862 satis
923 1811 1031 1886 patet,
1054 1800 1119 1865 hoe
1147 1804 1272 1866 voeabu-

237 1891 308 1956 lum
327 1888 470 1953 eiusdcm
489 1887 534 1949 rei
560 1887 710 1948 crebram
735 1887 963 1973 repetitionem
990 1886 1156 1951 indicare:
1183 1890 1294 1952 inter·'

237 1967 313 2041 valli
337 1972 426 2036 nulla
450 1971 589 2033 omnino
615 1980 663 2032 est
685 1972 778 2056 ratic.
831 1971 914 2034 Sunt
936 1971 1016 2048 loci,
1049 1973 1082 2034 in
1114 1972 1230 2058 quibus
1249 1974 1269 2036 si

138 2086 141 2096 ’
236 2053 355 2125 reddas
373 2055 555 2119 detinenti
573 2076 694 2129 wana,
720 2055 898 2122 verendum
924 2067 972 2119 est
996 2079 1037 2120 ne
1058 2058 1192 2144 ineptus
1214 2057 1283 2131 fias..

237 2144 338 2208 veluti
354 2141 446 2204 Curt.
465 2144 494 2217 9,
511 2145 541 2216 9,
557 2144 610 2203 21.
643 2140 741 2205 miles
765 2164 862 2205 nece
884 2142 967 2205 redi
988 2141 1026 2204 in
1050 2154 1200 2220 terram,
1219 2165 1269 2208 nec

236 2228 275 2292 ia
298 2244 401 2290 naves
426 2223 605 2300 etrbsistere
630 2225 797 2306 attolebat,
836 2165 1025 2290 identidem
1043 2228 1267 2313 praesentibttt

232 2311 421 2398 graviora,
442 2330 529 2397 qaae
545 2325 780 2400 sequerentur,
802 2322 1010 2398 exspectans.
1293 2353 1294 2356 =

651 2496 856 2586 IDEO.

317 2652 368 2719 De
385 2647 514 2739 origine
529 2646 679 2716 vocabuli
696 2664 783 2716 inno
801 2651 888 2716 haud
906 2676 1005 2741 parva
1024 2665 1131 2719 exstat
1147 2642 1292 2743 opinio-2

234 2758 317 2806 num
341 2739 490 2802 varietas.
540 2739 785 2801 Lindemannus
812 2738 852 2802 de
874 2741 1037 2805 Adverbio
1053 2747 1084 2804 2.
1112 2762 1147 2826 p.
1168 2746 1216 2806 19.
1233 2742 1268 2804 ita

236 2826 397 2912 disputat:
422 2822 534 2903 „Ideo
551 2824 686 2909 proprie
714 2833 762 2884 est
786 2818 896 2904 ideo,
920 2825 994 2889 dies
1016 2826 1163 2891 darom.-
1186 2826 1219 2890 id
1241 2818 1295 2888 ea'

236 2909 350 2974 deret
373 2907 463 2993 quod
480 2926 693 2992 quamsaepe
718 2906 924 2991 iungeretur,
953 2911 1008 2975 ubi
1034 2910 1074 2974 id
1097 2909 1269 2979 suumha·

234 2993 329 3059 beret
347 2994 460 3057 locum
480 3007 638 3076 seramque
658 2993 875 3078 potestatem,
895 2995 1012 3060 veluti:
1032 2995 1072 3062 id
1086 3019 1125 3060 ee
1141 2992 1271 3082 factum

235 3091 285 3146 est
308 3089 363 3141 nt:
395 3076 510 3141 nceidit
532 3075 782 3165 deinde-longo
818 3100 899 3155 usu,
935 3092 971 3144 ut
1000 3078 1218 3167 iungerentur
1241 3081 1286 3167 io'

234 3181 340 3228 unum
355 3161 550 3229 vocabulum
569 3160 634 3225 duo
653 3162 789 3226 diversa.
801 3168 822 3203 “
864 3164 950 3230 Haec
973 3165 1110 3230 fortasse
1132 3168 1271 3253 speciosa

233 3247 432 3315 videbuntur
447 3246 535 3310 aliis:
556 3269 611 3310 me
635 3247 769 3333 quidem
792 3242 893 3335 fugit,
912 3251 1082 3336 quomodo
1105 3247 1163 3330 id,
1181 3251 1272 3338 'quod

233 3334 416 3415 subiectum
440 3331 667 3396 enuntiationis
693 3335 752 3413 sit,
774 3335 948 3421 copuletur
970 3355 1047 3401 cum
1066 3341 1204 3402 nomine
1227 3360 1270 3412 eo,
1304 3349 1305 3357 ’

235 3418 322 3504 quod
341 3418 380 3480 ad
398 3416 620 3503 praedicatum
644 3421 802 3503 pertinet:
827 3444 886 3484 neo
910 3431 1022 3508 potest
1044 3443 1157 3486 caussa
1180 3423 1271 3487 huius

233 3501 434 3566 confusionis
456 3504 522 3565 sive
550 3503 827 3588 breviloquentiae
855 3507 901 3570 in-
921 3507 1022 3592 longo
1045 3528 1112 3572 usu
1142 3511 1268 3593 quaeri:
1312 3542 1314 3551 ·

230 3587 393 3653 redundat
405 3582 527 3652 seilicet
541 3581 587 3668 id
597 3589 630 3652 in
649 3592 706 3655 tali
729 3586 979 3677 compositione.
1023 3586 1088 3655 Sed
1111 3595 1184 3668 ista,
1199 3616 1272 3660 sen·
1310 3586 1314 3633 ¹,

232 3673 393 3737 tentione
410 3694 495 3736 nova
513 3670 646 3758 quidem
670 3685 737 3756 est,
767 3694 880 3742 verum
902 3676 967 3741 iam
996 3699 1012 3740 a
1036 3677 1210 3743 Perizonio
1235 3678 1274 3742 ad

233 3757 355 3823 Sanctii
370 3758 508 3823 Minerv.
525 3764 556 3833 8,-
583 3761 633 3842 14,
656 3766 709 3824 37.
730 3763 919 3847 proposita,
943 3778 1014 3825 non
1034 3759 1178 3828 firmiori
1202 3765 1272 3850 qui·

230 3842 308 3907 dem
344 3844 621 3930 argumentatione
664 3845 859 3910 substructa.
927 3847 1019 3913 Adde
1059 3847 1273 3915 Ramshornii

227 3928 414 3994 'Grammat
445 3952 478 4016 p.
504 3932 577 3995 851.
636 3929 728 3995 Idem
750 3938 860 3994 tamen
883 3926 1071 3997 Perizonius
1093 3932 1273 4001 meliorem

228 4014 481 4099 explicationem
503 4015 665 4080 invenisse
691 4015 754 4080 sibi
776 4014 963 4098 videbatur,
1004 4033 1107 4105 quum
1137 4018 1271 4098 diceret,

228 4098 306 4164 ideo
321 4123 388 4166 esse
403 4101 441 4166 in
455 4123 495 4175 eo
514 4099 566 4168 rel
586 4099 672 4165 indu
687 4123 742 4182 eo,
764 4100 841 4167 elisa
856 4103 962 4168 littera
975 4124 1016 4186 n,
1037 4101 1130 4190 quasi
1147 4106 1272 4174 intelli·
