2632 4770
226 258 289 322 coe
653 251 829 332 rrsts.

224 403 385 487 emund
398 426 453 478 so,
473 402 526 468 vel
540 408 609 503 'pro
623 416 656 469 et
680 403 721 503 ob
744 406 835 469 hanc
856 423 1026 490 corrosam.
1066 401 1135 466 Nec
1155 400 1283 503 desum

223 476 623 643 kippennprffihrffisptrores
647 501 844 577 scriptores,
866 489 906 557 nd
924 509 1007 575 quos
1023 489 1107 554 hanc
1122 489 1282 578 expleca-

326 711 419 765 rues
431 709 530 775 Amph.
552 708 579 774 l,
595 709 622 775 l,
636 709 697 761 11⁰.
712 706 796 776 (115.)
818 716 844 762 ct
856 708 998 776 enimvero,
1016 712 1137 779 quoniam
1154 717 1282 780 fornas·

292 797 348 866 sepi
360 795 438 846 uetes
450 793 479 844 in
492 809 534 845 me
547 800 573 844 et
586 800 701 857 mum,
719 795 791 846 dccet
803 797 915 860 etsecta
927 813 1055 865 moresque
1075 797 1154 848 nnius
1179 799 1282 852 neom

294 896 336 931 mc
351 877 448 930 similes
467 878 551 929 itemc'
563 880 653 944 itaque
670 878 822 930 memmium
835 897 888 931 esse
908 887 1024 948 oportet,
1037 880 1182 944 callidum,
1203 892 1281 935 anu-

292 971 349 1015 tum
362 960 510 1013 admodum.
546 961 632 1014 Stich.
653 962 679 1025 1,
694 961 720 1025 ὅ,
736 962 779 1014 39.
803 963 867 1014 lsaec
883 965 960 1015 nerlu
975 965 1100 1034 subigunt
1117 985 1158 1018 me
1178 996 1232 1033 —,
1251 976 1280 1022 ot

287 1048 390 1112 sacten
412 1045 548 1114 praeconis
568 1049 744 1114 compendium
767 1049 853 1115 itaqm
871 1049 1015 1117 auctionem
1032 1053 1201 1117 praedicem,
1221 1054 1280 1122 ipse

293 1139 452 1183 uteeneam.
486 1125 560 1180 Asin.
577 1129 604 1194 2,
621 1128 647 1194 4,
664 1129 706 1183 14.
723 1132 829 1183 abscede
845 1138 872 1183 ct
883 1133 939 1182 sine
954 1148 995 1183 me
1010 1133 1076 1183 lunc
1089 1138 1212 1202 perdere,
1230 1141 1279 1206 put

291 1232 391 1283 semper
406 1217 448 1264 ira
463 1212 593 1264 incendit:
610 1214 652 1266 cui
664 1232 803 1283 numquam
812 1233 893 1268 onom
906 1233 960 1279 rem
973 1234 1013 1269 mc
1029 1218 1084 1268 lieet
1098 1222 1180 1271 semel
1193 1240 1276 1290 prae-

291 1300 373 1366 cipere
381 1297 450 1364 suri,
470 1296 531 1362 quin
544 1296 637 1350 centies
648 1301 737 1351 eodem
751 1300 871 1367 imperem
887 1308 964 1368 atqcse
979 1304 1151 1369 ogganniom.
1181 1306 1276 1375 Itaque

291 1384 344 1434 inm
368 1381 451 1431 inercie
472 1379 581 1432 elamore
605 1401 637 1434 ac
657 1386 786 1437 stomacho
817 1402 869 1435 non
896 1403 957 1451 queo
983 1386 1067 1436 labori
1094 1391 1274 1456 suppeditare.

289 1467 352 1518 suu
373 1461 481 1526 2251·
503 1468 675 1535 praesagibat
693 1471 758 1521 milii
780 1471 900 1532 enimus,
924 1473 1027 1536 frustra
1049 1487 1089 1521 me
1105 1472 1162 1537 ire,
1197 1493 1274 1542 queas

289 1561 392 1613 enilmn
409 1559 492 1610 domo.
525 1556 615 1623 ltoqrre
635 1554 741 1604 alitem
756 1553 854 1603 modus.
891 1553 968 1619 cept.
989 1554 1063 1605 Prol.
1079 1553 1121 1606 ³7.
1139 1558 1231 1612 Poen.
1244 1559 1271 1625 4,

249 1625 253 1629 ’
290 1643 373 1709 2,]2.
398 1640 459 1694 Mil.
474 1643 501 1705 2,
516 1640 541 1704 1,
556 1637 598 1690 14.
624 1637 648 1687 is
668 1637 833 1700 deridiculst,
859 1655 963 1703 quoquo
987 1640 1096 1702 incedit,
1131 1645 1271 1697 omnibus:

172 1727 178 1742 ”
290 1727 434 1796 imquelric
451 1726 593 1781 meretrices
614 1721 690 1773 loliis
707 1722 769 1771 dum
791 1721 898 1772 ductam
918 1739 992 1795 eum,
1014 1726 1136 1777 cunerem
1161 1737 1271 1797 partem

289 1814 377 1865 videas
391 1813 478 1880 valgis
490 1811 575 1862 suciis
951 1831 958 1836 ·

324 1914 382 1967 Cic.
400 1914 434 1963 de
450 1913 512 1966 Nat.
527 1911 552 1962 d.
568 1910 595 1976 3,
612 1907 653 1974 17,
668 1905 711 1960 44.
735 1907 779 1959 secl
793 1912 823 1957 nt
840 1904 939 1956 Stoicos
948 1906 1017 1956 nilsil
1030 1908 1063 1959 de
1075 1911 1126 1963 diis
1139 1918 1270 1982 explicare

230 2014 243 2065 ᾗ
290 2001 456 2051 convinceret.
497 1997 587 2063 ltaque
609 1993 793 2060 insequebatur.
840 1990 875 2041 dc
897 1992 966 2042 Fato
988 1989 1022 2053 4,
1042 1990 1068 2044 i.
1093 1997 1210 2052 Atlsenis
1231 2011 1269 2057 te·

290 2100 339 2136 noc
350 2082 454 2144 coelum,
463 2098 493 2132 en
505 2097 553 2147 quo
562 2080 687 2130 contines
694 2078 772 2129 etiam
778 2083 907 2145 putentur
914 2076 996 2133 Attici
1003 2094 1012 2127 c
1033 2095 1148 2133 crossum
1162 2085 1268 2152 neth,

289 2167 377 2234 itaque
392 2164 503 2235 pingues
520 2163 636 2215 disctnni
652 2168 675 2214 ct
689 2163 810 2214 valentes.

303 2322 334 2384 9.
364 2314 582 2380 Rhetorieum
611 2332 709 2377 usum
742 2310 921 2397 porticulus
952 2315 1115 2378 cernimus
1145 2317 1183 2381 in
1216 2321 1266 2400 iis,

223 2423 324 2488 quse,
356 2402 546 2488 interposita
570 2398 631 2461 elia
655 2399 832 2478 sententie,
864 2399 1061 2462 continuant*
1099 2404 1266 2470 stionem

220 2488 345 2551 interro
373 2498 441 2550 tem
465 2497 495 2549 et
519 2505 727 2577 suspenssme
762 2505 861 2568 quam
884 2504 955 2547 rem
982 2476 1062 2548 Esne
1087 2487 1266 2558 declaravit

252 2593 411 2636 ronovsus
432 2557 572 2634 idm?
592 2563 692 2647 iffi,
709 2573 740 2631 2.
784 2569 875 2646 Quae
900 2571 1100 2633 Goerenzius
1128 2575 1168 2635 sd
1195 2576 1263 2640 Cic.

219 2657 317 2722 Acsd.
340 2665 369 2738 1,
388 2663 439 2735 12,
457 2659 518 2720 45.Ι
531 2654 629 2718 effert
643 2653 811 2738 exempla,
834 2653 928 2717 alieni
944 2666 1018 2717 sunt
1035 2661 1175 2741 generis.

322 2778 378 2829 Cic.
394 2777 473 2830 catil.
487 2775 513 2839 2,
528 2774 555 2839 2,
571 2771 597 2825 4,
618 2772 721 2825 utinam
738 2774 781 2824 ille
797 2792 881 2825 omnes
900 2793 981 2826 secum
1001 2793 1063 2828 suns
1086 2779 1177 2844 copias
1199 2783 1264 2833 edu-

285 2865 372 2917 xisset.
408 2846 559 2930 {l'ongilium⁸
570 2857 635 2910 milei
649 2858 751 2921 educit,
770 2875 842 2924 quem
861 2876 950 2911 amore
968 2860 995 2910 in
1014 2870 1149 2928 praetenta
1169 2882 1262 2933 coepe·

285 2955 338 3000 rat.
357 2976 389 2987 -
408 2945 519 3012 Reliquit
543 2958 603 3010 qnos
625 2942 710 2992 viros!
728 2950 822 3009 quanto
839 2944 919 2996 alieno
934 2946 1010 2996 aere!
1036 2935 1111 3013 qnam
1129 2949 1264 3001 valentes!

286 3049 363 3098 quone
378 3029 491 3083 nobiles!
526 3027 616 3094 Itaque
636 3043 685 3094 ego
701 3025 775 3076 illum
795 3028 928 3080 exercitum
944 3037 967 3080 el
984 3030 1125 3098 gallicanis
1146 3032 1261 3100 legioni-

286 3115 379 3167 noser
402 3115 449 3165 lsoc
472 3112 585 3173 delectu,
604 3127 678 3178 qoem
699 3111 726 3159 in
747 3126 814 3178 agro
829 3112 918 3176 piceno
933 3120 959 3164 et
972 3113 1068 3180 gallico
1092 3114 1123 3176 Q.
1138 3115 1261 3168 Metellus

284 3199 377 3250 doluit
394 3223 428 3236 ·-
444 3212 599 3265 magnopere
620 3200 756 3245 contemno.
797 3193 854 3244 cie.
871 3194 953 3245 Acad.
975 3194 1057 3261 1,12,
1073 3194 1116 3249 44.
1134 3215 1193 3250 curn
1209 3202 1260 3252 Ze-

284 3300 349 3333 none
364 3309 398 3322 -
415 3289 442 3332 ut
457 3281 607 3348 occepimus,
624 3279 753 3332 Arcesilas
767 3278 816 3329 sili
829 3295 901 3328 omne
913 3285 1042 3329 certamen
1061 3282 1187 3347 instituit,
1207 3303 1260 3336 non

280 3363 426 3434 pertinacia
447 3371 492 3415 out
507 3362 740 3424 studio'oinoeudi,
761 3368 791 3413 ut
809 3362 875 3412 milti
897 3363 997 3428 quidem
1019 3365 1136 3428 videtur,
1155 3368 1201 3418 sed
1220 3393 1256 3403 ·—

285 3446 417 3515 (sequitur
440 3463 551 3499 caussae
573 3446 727 3515 expositio).
750 3472 786 3481 —
809 3445 900 3512 ltaque
920 3447 1047 3497 Arcesilas
1068 3451 1181 3516 negabat
1197 3465 1252 3499 esse

282 3533 437 3599 quidquam,
457 3533 524 3599 quod
546 3533 606 3582 sciri
628 3538 716 3598 posset.
758 3527 819 3580 Liv.
842 3527 867 3590 2,
891 3527 932 3592 12,
951 3529 976 3580 2.
1003 3548 1080 3595 quom
1099 3534 1126 3582 C.
1140 3532 1253 3595 Mucius,

283 3617 428 3668 adolescens
437 3615 538 3679 nolitis,
553 3616 595 3665 eoi
608 3615 747 3683 iudignum
764 3614 898 3665 oideletnr
909 3616 1034 3682 populum
1048 3634 1184 3669 romonum
1199 3634 1258 3670 ser-

280 3699 407 3763 vientem,
424 3718 499 3767 quum
515 3700 561 3753 sul
577 3689 682 3767 regibus
695 3706 773 3762 esset,
791 3698 861 3748 nollo
877 3698 939 3749 bello
954 3715 1000 3748 nec
1017 3701 1048 3749 ab
1066 3701 1180 3753 hostibus
1195 3703 1259 3755 ollis

283 3783 407 3840 obsessum
429 3802 497 3846 esec,
513 3784 618 3833 liberum
633 3783 747 3834 cumdem
761 3782 885 3851 populum
900 3783 934 3833 ab
948 3783 1038 3834 iisdem
1051 3785 1168 3837 Etruscis
1183 3777 1258 3836 olss'i—

281 3867 354 3929 deri,
379 3883 484 3933 quornm
507 3883 584 3934 saepe
606 3867 729 3917 esuritor
743 3865 860 3933 fuderit:
884 3866 972 3934 itaque
992 3869 1090 3934 magno
1110 3870 1259 3937 audacique

281 3951 368 4017 aliquo
379 3951 497 4017 facinore
512 3966 568 4001 eam
589 3949 768 4017 indignitatem
789 3950 972 4001 vindicandam
994 3960 1081 4015 ratus,
1100 3954 1187 4020 pirineo
1208 3971 1260 4006 sua

280 4041 369 4101 sponte
381 4040 515 4103 penetrare
533 4035 561 4085 iu
575 4033 686 4086 leostiom
705 4020 789 4083 castro
807 4035 942 4086 constituit.
