2632 4770
574 225 633 294 tu.
1068 240 1134 336 555Ι

174 375 553 458 015.15155·.4,21,63.
579 379 628 434 iste
640 385 835 453 unumquodque
852 401 900 440 aas
919 385 948 439 in
968 365 1064 443 manus
1085 368 1129 446 rui

136 486 215 522 mere.
234 486 261 537 p.
277 469 372 522 Plano.
387 466 430 531 12,
446 465 489 518 29.

169 572 272 625 Lucan.
287 572 331 636 19,
348 568 409 622 533.
429 570 458 623 in
470 574 579 638 somam
595 575 620 622 et
638 571 741 622 saecula
762 569 841 622 mitti.
875 571 990 637 Quintil.
1004 556 1129 633 11551555.

137 655 180 709 18.
198 659 280 711 mittit
295 657 325 709 in
340 673 388 709 orc
403 657 505 725 populi.
541 655 583 706 Gi.
600 656 699 708 Barth.
720 654 755 707 ad
773 654 917 708 Claudiam
934 660 1015 713 Cone.
1028 658 1127 718 Prdbr.
1165 649 1166 653 Ἰ

131 743 164 810 p.
181 743 242 795 129.
269 741 390 795 Gronov.
409 738 554 793 Observat.
569 737 603 803 1¹,
618 738 661 791 15.
680 758 707 808 p.
721 737 765 790 96.
808 741 851 792 ue
873 742 966 796 verbis
986 747 1015 796 in
1036 749 1128 802 stadia

48 858 51 863 ·
133 828 236 881 mittere
253 827 399 879 Ruhnken.
420 824 456 878 ad
470 823 567 877 Vellei.
585 825 645 877 Pat.
668 823 704 888 2,
721 823 772 891 59,
788 824 813 878 4.
849 828 882 879 15
906 845 1013 881 manum
1034 848 1126 886 55555-

134 913 200 965 nire.
234 911 370 964 Hadrian.
385 910 465 963 card.
484 910 518 962 de
541 910 632 962 Medis
648 910 697 969 tet.
711 911 765 978 loq.
784 927 810 977 p.
824 910 885 965 285.
901 911 979 980 (Sd).
1014 915 1047 966 ln
1066 933 1128 970 eon-

135 1004 249 1067 spectcm
264 999 338 1050 dare.
370 995 579 1048 Drakenborch.
595 996 631 1048 ad
648 994 710 1049 uir.
725 993 758 1060 9,
773 995 825 1061 21,
838 994 865 1048 4.
899 999 932 1050 15
952 1017 1047 1052 manae
1067 1008 1127 1055 tra·

135 1082 205 1134 dere.
240 1078 576 1144 1115115515.5ι15,21,4.

171 1185 351 1237 latinitatem
369 1164 500 1252 accipere,
520 1183 550 1234 in
567 1181 713 1234 amicitiam
728 1183 853 1251 recipere,
870 1181 900 1237 in
921 1187 1034 1240 medinm
1056 1188 1127 1241 acei-
1142 1170 1150 1176 Η

134 1286 206 1339 pere.
242 1269 321 1321 Haec
336 1268 459 1321 illustrat
472 1267 610 1320 Drakenb.
634 1267 669 1320 ad
684 1265 745 1319 Lir.
758 1265 792 1333 4,
807 1267 842 1333 d,
857 1266 899 1322 14.
918 1274 946 1323 et
965 1269 1017 1336 21,
1030 1267 1066 1324 46
1075 1268 1125 1340 ,9.
1262 1309 1267 1327 ›.

136 1354 213 1406 curt.
229 1351 256 1418 4,
274 1352 300 1419 6,
316 1353 359 1406 29.
378 1373 453 1423 poem
465 1353 580 1424 proximi
596 1360 730 1422 receptum
745 1352 776 1404 in
789 1361 872 1406 castra
887 1362 1047 1422 receperunt.
1194 1366 1197 1371 '
1294 1357 1296 1363 ’

172 1456 285 1510 Sallust.
298 1458 360 1527 lug.
377 1455 422 1521 85,
436 1455 479 1508 26.
498 1474 531 1508 ne
550 1457 607 1524 qais
624 1456 779 1511 modestiam
800 1457 829 1508 in
846 1458 1028 1511 conscientiam
1048 1459 1126 1513 dace-

135 1551 184 1594 ret.
218 1540 272 1606 82,
287 1542 313 1595 2.
332 1561 410 1610 pacm
432 1558 485 1593 rem
509 1541 557 1593 elii
577 1543 604 1592 in
625 1542 775 1609 snperbiam
796 1543 937 1595 vertebant.
972 1541 1078 1609 Quibus
1096 1541 1126 1596 in
1205 1532 1209 1536 ¹

137 1626 307 1695 explicandis
322 1626 430 1680 fallitur
445 1623 562 1690 Curtius,
579 1641 596 1678 5
612 1624 725 1694 vulgari
739 1629 876 1679 structura
886 1625 956 1679 haec
970 1627 1060 1680 alienu
1074 1645 1129 1697 pu·-

137 1720 209 1764 tans.
248 1711 350 1764 Diffcrt
365 1709 437 1762 enim
459 1712 623 1778 metaphora
638 1727 656 1763 a
672 1711 854 1780 grammatica
875 1710 998 1779 ratione,¹
1018 1729 1073 1782 qua
1086 1711 1129 1766 dl-
1228 1715 1230 1719 ’
1281 1735 1287 1754 ·

138 1797 225 1849 cimus
242 1796 396 1848 modestiam
411 1796 504 1848 ducere
523 1797 550 1846 in
565 1796 649 1852 locam
664 1798 842 1849 conscientiae.

174 1897 231 1950 cic.
247 1896 548 1963 (151115.2,54,111.
567 1872 687 1951 adhibuit
704 1900 784 1952 etiam
804 1899 928 1950 latebram
952 1882 1126 1967 obscuritatis,
1151 1954 1152 1961 ,

137 1990 168 2036 ct
182 1984 262 2036 iidem
277 2001 364 2036 versus
378 1983 446 2036 alias
455 1984 482 2035 in
497 1985 580 2041 aliam
593 1999 647 2035 rem
657 2000 734 2053 posse
749 1983 939 2037 accommodari
951 1985 1105 2038 viderentur.
1139 1995 1140 1999 ’

177 2086 266 2137 Venire
286 2086 315 2136 ia
328 2103 381 2138 rem
394 2093 571 2155 praesentem,
591 2084 663 2154 quod
683 2085 788 2154 legitur
813 2085 885 2152 apud
907 2084 965 2138 Cic.
981 2086 1014 2138 de
1029 2063 1082 2144 Off.
1097 2088 1125 2153 l,

136 2170 180 2235 19,
196 2171 240 2223 32.
259 2175 287 2223 et
302 2170 375 2238 apud
390 2171 485 2224 Senec.
502 2172 536 2223 de
550 2171 648 2224 Benei.
664 2169 691 2235 4,
709 2169 752 2224 35.
775 2170 913 2240 significat
928 2171 1078 2242 accedere,
1095 2178 1126 2228 ut

135 2274 265 2325 praesens
279 2273 338 2307 rem
353 2255 500 2342 inspiciat.¹
523 2257 566 2313 Cf.
580 2257 695 2309 Beierus
711 2256 746 2308 ad
763 2256 821 2310 cte.
836 2257 888 2309 loc.

171 2361 201 2410 ln
217 2360 321 2412 ordines
337 2360 375 2412 ire
393 2362 470 2413 Curt.
484 2358 511 2424 4,
528 2361 572 2426 13,
588 2358 631 2413 19.
649 2361 767 2428 Effundi
782 2361 920 2430 instigem
937 2359 964 2424 4,
980 2358 1024 2425 15,
1037 2359 1081 2414 29.
1150 2386 1177 2434 'r
1254 2345 1257 2352 ⁴

172 2461 316 2515 Ernestius
331 2461 367 2514 ad
383 2463 496 2516 Sueten.
515 2464 593 2527 Caes.
611 2463 654 2516 tt.
676 2479 759 2531 quum
774 2467 902 2530 negasset
917 2461 974 2514 dici
990 2480 1069 2531 posse
1083 2481 1126 2519 re·
1230 2480 1233 2484 *
1304 2446 1306 2451 ⁴

137 2548 229 2616 digere
243 2547 272 2597 in
291 2547 447 2599 deditionem
467 2566 516 2616 pro
534 2552 569 2601 cd
590 2550 760 2611 deditionem,
777 2546 896 2613 ideoque
913 2547 1078 2602 correxisset
1098 2551 1127 2613 in
1176 2614 1179 2621 ι
1208 2560 1210 2564 ‘

137 2633 277 2694 ditionem,
293 2631 442 2684 Paldamus
465 2635 652 2696 arbitrabatur
665 2630 777 2700 vulgari
792 2649 844 2687 555
863 2637 1042 2684 commutatas
1065 2649 1126 2686 esec

139 2715 280 2767 notiones:
299 2716 426 2783 quoniam
443 2704 549 2793 radenti
572 2718 605 2770 ad
629 2714 794 2769 deditionem
819 2715 1009 2784 acciperentur
1017 2711 1060 2769 μ’15
1082 2717 1125 2769 di-

138 2801 255 2864 tionem,
274 2800 302 2851 in
319 2801 387 2853 locis
409 2795 581 2873 Suetoniiet
598 2800 770 2867 Curetim,
787 2801 830 2854 38.
850 2798 1124 2866 centenalem.
1143 2852 1145 2859 ,

137 2886 165 2938 in
187 2887 342 2939 deditionem
364 2889 414 2955 pro
432 2891 467 2941 ad
490 2876 569 2941 dedit.
584 2875 704 2940 nictum
727 2904 796 2942 esse.
828 2889 865 2940 At
880 2889 1001 2956 redigere
1015 2884 1125 2954 proprie
1178 2940 1181 2945 ‚
1219 2915 1222 2918 >

138 2987 200 3022 eum
217 2972 246 3022 in
260 2971 461 3040 praepositione
479 2960 664 3041 componitirr,
684 2972 761 3026 velut
780 2972 876 3026 lustin.
892 2969 917 3036 9,
933 2970 958 3038 4,
975 2971 1001 3023 i.
1019 2973 1082 3024 alies
1097 2972 1125 3024 in

136 3058 254 3114 exsilium
268 3059 387 3127 redegit:
406 3067 488 3128 atque
505 3059 601 3122 deditio
618 3065 693 3112 recte
711 3059 745 3112 de
760 3058 912 3112 conditione
933 3056 1126 3110 dediticiorum
1187 3090 1189 3101 ·

137 3145 301 3206 usurpatur:
320 3141 348 3193 id
363 3145 434 3210 quod
452 3144 568 3197 wolfius
587 3144 662 3195 bene
673 3144 815 3212 perspexit.
844 3143 899 3196 ,ste
922 3144 950 3195 in
972 3143 1126 3206 deditionem

139 3225 223 3276 vestire
238 3226 317 3278 Caes.
331 3227 365 3281 B·
383 3229 450 3296 gall.
469 3229 495 3294 6,
510 3228 536 3281 ὃ,
554 3230 582 3280 in
596 3223 655 3281 ded.
670 3231 788 3298 accipere
807 3229 833 3294 1,
847 3227 892 3281 29.

154 3380 186 3440 9.
208 3376 246 3441 15
272 3379 596 3476 verbis2quoe1spa
619 3375 705 3461 hane
729 3381 1010 3476 ppraeositionem
1032 3379 1067 3441 in
1089 3397 1124 3440 se

68 3461 215 3542 hebent,
249 3463 332 3528 dune
353 3487 406 3530 res
433 3477 509 3530 sunt
532 3468 778 3534 animadverten
804 3489 851 3533 55.
941 3489 994 3530 555
1022 3449 1200 3544 551“55’;“”’”.1

71 3541 243 3613 senentio
259 3548 381 3627 effecit,
407 3563 443 3618 ut
468 3553 530 3618 5115
548 3575 626 3617 cum
642 3551 825 3619 accusativo
849 3553 941 3632 solo,
966 3551 1027 3617 alia
1048 3570 1126 3613 cum

72 3633 230 3713 ablativo,
260 3635 322 3700 5115
350 3659 427 3701 cum
451 3650 595 3724 utroque
624 3661 706 3720 casu„
731 3642 1019 3725 coniungerentur.
1071 3635 1125 3699 Sic
1218 3648 1221 3655 '

72 3719 194 3784 dicitur
215 3722 374 3820 ingerere
396 3723 435 3788 in
458 3725 614 3811 ali'quam
638 3749 730 3803 rem,
753 3727 894 3791 iniicere
919 3725 956 3789 in
980 3723 1032 3787 aii
1053 3719 1124 3797 nid,

69 3805 127 3869 sed
153 3806 349 3891 imprimere
370 3809 410 3874 in
433 3810 589 3898 aliquam
607 3834 680 3876 rem
698 3823 730 3875 et
754 3813 792 3877 in
809 3812 927 3899 aliqua
943 3808 1001 3874 re.'
1067 3826 1125 3869 um

71 3890 170 3955 verba
197 3895 401 3981 composite,
438 3918 629 3983 quaecum
653 3899 798 3984 simplici
829 3896 1011 3962 accusativo
1043 3913 1126 3954 con-

71 3986 245 4062 struuntur
253 4011 271 4060 ,·
285 3981 452 4047 interdum
468 3984 586 4065 etiem,
608 3985 749 4049 neutrali
765 4004 863 4048 sensu
875 3982 1005 4070 posita,
1028 3999 1129 4063 prac-

70 4063 280 4212 posiltlilonem
310 4066 432 4133 iterum
456 4069 652 4139 admittunt:
683 4068 1128 4219 55151121355515515551555
