2632 4770
193 253 260 319 482
650 245 799 312 INTRA.

298 403 392 458 Paua
406 401 534 466 Metal,
551 399 579 465 2,
592 399 638 455 75.
675 419 722 455 ca.
761 404 891 457 Vticam
912 403 1003 458 cidit?
1036 422 1080 459 sc.
1116 407 1192 460 latta
1215 407 1262 460 ia·

262 499 304 546 ira
318 491 424 552 navim,
440 489 482 540 aii
490 504 570 556 prope
585 489 699 541 adstitit.

298 593 411 647 Suetoa.
427 589 508 643 Galli.
524 589 551 642 8.
568 564 715 658 acciditque
728 597 759 642 ut
773 596 853 660 qaum
868 593 1027 661 provinciam
1049 594 1186 663 ingressus
1210 612 1260 647 sa-

264 680 396 741 crificaret
410 677 483 727 intra
499 677 589 727 aedem
603 675 735 743 ριιΝἰιαιιι
748 682 802 727 etc.
836 676 885 728 ubi
907 667 1080 746 Oudendorp.
1116 678 1161 730 14.
1183 682 1259 733 iatra

150 752 153 759 ¹
259 764 394 835 palatium
413 761 566 812 habitantes.
602 758 693 829 csttg.
715 758 758 811 27.
775 769 850 814 'stans
872 767 1052 817 tantammodo
1073 767 1147 818 intra
1168 767 1259 832 porti-

263 867 321 902 earrr
342 845 464 898 aredium.
485 845 504 896 i.
521 861 546 895 e.
562 861 617 895 uon
639 843 668 897 iu
689 830 832 898 tribunali.
866 847 938 901 Ptin.
956 848 1030 903 Hist.
1047 867 1074 907 n.
1090 849 1133 918 22,
1150 849 1195 916 25,
1212 851 1259 904 ro.

261 952 294 988 aa
310 930 450 1000 (ulcera),
473 949 541 1000 puae
554 931 625 981 intra
643 946 672 982 os
689 938 766 994 saut,
783 939 896 1002 purgat.

295 1034 370 1089 Plio.
384 1033 459 1088 Hiat.
477 1052 505 1087 ιι.
521 1030 566 1098 25,
582 1033 650 1097 1,1.
667 1049 797 1086 tammma
817 1052 881 1104 opus
895 1037 1063 1106 ingerimus
1077 1039 1124 1090 diu
1139 1038 1196 1091 iam
1210 1040 1258 1091 icoc

254 1123 328 1190 fuit,
348 1129 376 1173 at
391 1120 464 1172 intra
480 1135 685 1185 unamquemque
701 1127 770 1171 recte
782 1124 858 1187 facta
874 1127 990 1173 octana
1003 1122 1127 1190 perirent.

297 1225 390 1278 Tacit.
406 1224 480 1276 Dial.
498 1221 525 1274 3.
543 1224 671 1275 sedentem
693 1222 778 1290 ipsura
801 1231 825 1274 et
847 1240 922 1291 poem
935 1225 1025 1294 pridie
1046 1226 1203 1278 recitaverat
1222 1225 1257 1277 ii-

262 1311 339 1364 irum
356 1312 427 1361 intra
442 1325 535 1360 manne
556 1309 693 1359 habeatem
716 1308 942 1374 deprehendimus.
978 1310 1012 1361 de
1036 1326 1088 1378 qno
1111 1309 1173 1361 loco
1197 1309 1254 1362 dixi

261 1412 288 1464 p.
304 1392 365 1446 888.
385 1395 481 1462 Veget.
505 1392 539 1444 do
558 1392 602 1444 Re
624 1390 683 1442 mil.
697 1390 722 1455 3,
737 1391 781 1444 23.
804 1394 934 1445 Vrsiiiuai
948 1395 976 1445 in
996 1397 1099 1463 Africa.
1133 1395 1184 1446 Vir
1202 1396 1254 1448 do·
1301 1390 1304 1397 ’

137 1492 140 1497 “
223 1540 226 1545 ,
263 1486 323 1534 ctae
336 1480 364 1531 in
372 1478 491 1532 Miscell.
503 1478 568 1532 Obs.
585 1477 620 1530 T.
629 1476 654 1528 9.
674 1494 701 1544 p.
709 1473 752 1528 91.
771 1478 944 1530 commendat
960 1479 1107 1532 lectionem
1124 1479 1253 1533 codicum

261 1546 442 1635 quolnmdam
469 1565 543 1615 intra
565 1563 697 1629 Africam.
713 1560 758 1626 ›3,
781 1562 824 1616 lo.
851 1581 876 1631 p.
892 1561 935 1614 to.
958 1565 1032 1616 intra
1055 1566 1169 1617 Gallias.
1204 1565 1252 1620 ubi

261 1651 312 1706 alii
328 1649 405 1703 codd.
419 1649 486 1701 iuter
503 1647 622 1711 Gallias,
641 1654 671 1700 ut
684 1647 792 1702 variant
809 1649 839 1700 in
860 1647 948 1701 Tacit.
965 1648 1039 1702 Hist.
1058 1649 1084 1715 2,
1099 1651 1143 1703 ll.
1176 1649 1252 1704 utut

260 1735 375 1805 probari
389 1752 442 1787 non
453 1738 560 1803 potest,
576 1733 630 1784 hoc
648 1734 720 1801 apud
736 1735 821 1787 talem
836 1733 998 1801 scriptorem
1014 1752 1068 1787 non
1084 1735 1211 1788 offendit.

274 1874 306 1938 4.
337 1872 421 1936 Sunt
436 1869 627 1959 ‘im-mpla&
641 1885 644 1892 '
658 1893 742 1957 quae
765 1880 941 1958 utramque
962 1873 1250 1957 praepositionem

99 1996 102 2003 ·
192 1959 310 2027 eodem
344 1981 419 2021 cum
451 1979 549 2021 sensu
576 1952 756 2043 recipiunt.
807 1957 851 2020 Irz
880 1956 1072 2042 praesidiis
1102 1958 1183 2042 (Cio.
1215 1981 1248 2045 p.

125 2112 128 2119 ,
195 2047 274 2134 Lag.
291 2051 322 2124 9,
341 2044 409 2126 28.)
434 2053 465 2106 et
482 2043 578 2106 iutra
588 2043 775 2128 praesidia
793 2045 900 2128 (Caes.
917 2043 956 2107 B.
974 2043 1035 2105 civ.
1055 2048 1086 2118 3,
1102 2048 1156 2108 88.
1179 2044 1249 2109 Liv.

81 2164 91 2177 ··
120 2156 130 2163 ··
191 2136 246 2219 25,
263 2136 317 2209 24,
336 2134 402 2207 15.)
418 2129 455 2192 ia
472 2128 599 2192 caetris
622 2138 654 2192 et
668 2128 764 2192 intra
781 2140 912 2193 castra.
957 2128 1021 2192 Sed
1039 2128 1128 2193 conf.
1148 2135 1247 2219 ιι,18.

13 2180 206 2334 alumi*
240 2241 243 2252 ·
306 2251 418 2302 sacten.
442 2249 520 2300 caes.
540 2247 584 2302 aa.
606 2267 684 2318 pum
698 2277 733 2289 -
755 2251 885 2316 prasius
904 2227 938 2302 σι’
952 2250 1066 2302 Prasias
1082 2195 1247 2321 deicidis

258 2338 333 2390 intra
347 2343 435 2389 castra
449 2336 566 2388 luliaaos
581 2337 671 2390 subita
681 2336 844 2404 poenitentia
859 2335 1054 2401 interfecissent.

274 2477 307 2541 5.
330 2471 518 2558 Aliquando
538 2473 644 2537 visum
663 2484 712 2536 est
728 2473 849 2536 criticis
865 2472 967 2559 intra
980 2471 1247 2560 „elimam-ia·

30 2604 35 2615 .
94 2621 99 2633 ¹
190 2559 468 2647 iffldfflglqnss
491 2560 564 2624 dici.
611 2559 704 2622 Vnde
728 2559 815 2643 apud
840 2549 1094 2636 Livium'l326‚
1115 2565 1164 2622 11.
1196 2559 1248 2623 uei

13 2629 57 2667 *c*
105 2668 141 2733 ps
190 2636 290 2713 extra
309 2646 543 2733 pomoerium,
568 2644 670 2708 modo
694 2645 789 2708 intra
813 2644 971 2726 sepulcra
999 2642 1246 2708 Curiatiorum.

191 2734 282 2820 quod
300 2743 383 2796 esset
399 2753 440 2795 ex
456 2731 518 2795 hac
534 2726 694 2794 sententia
711 2730 745 2792 in
762 2729 896 2812 regione
913 2729 1157 2813 sepulcrorum.
1206 2732 1246 2794 Et

189 2828 326 2908 possent
342 2841 390 2896 ea,
411 2839 494 2903 quae
510 2817 612 2879 modo
631 2838 663 2876 n.
680 2819 712 2877 3.
733 2813 837 2895 attuli,
856 2815 1056 2900 comparari.
1088 2819 1130 2877 At
1151 2817 1245 2902 opti-

189 2900 238 2970 nii
253 2905 329 2970 libri
346 2903 468 2968 habent
483 2901 575 2965 inter
588 2896 756 2984 sepulcra.

273 3037 304 3096 6.
328 3031 434 3116 Supra
452 3028 518 3090 iam
541 3025 608 3087 dixi
634 3021 780 3087 conferri
806 3043 882 3086 cuni
904 3025 1000 3088 intra
1022 3046 1118 3111 saepe
1144 3050 1244 3113 posse

188 3118 258 3199 cis,
286 3117 394 3197 citra,
417 3123 471 3175 aut
494 3132 558 3196 pro
586 3131 625 3173 eo
648 3104 745 3173 intra
770 3111 916 3195 positum
944 3111 1063 3193 putari.
1109 3113 1183 3178 Hoc
1208 3115 1266 3180 fit.

176 3196 354 3279 iambus,
375 3218 458 3282 quae
473 3195 662 3259 interiectae
680 3196 899 3259 determinant
923 3196 1034 3259 locum
1052 3200 1242 3265 citeriorem

189 3300 221 3353 et
240 3286 450 3360 ulteriorem,
471 3281 570 3345 veluti
586 3282 683 3345 intra
698 3283 815 3366 ripam
830 3304 893 3369 pro
910 3282 1006 3346 iutra
1023 3281 1167 3368 flumen,
1190 3287 1241 3351 vel

187 3372 360 3461 oppositae
369 3366 409 3429 ab
427 3387 491 3430 una
507 3377 600 3453 parte
616 3369 807 3432 occludunt.

288 3486 411 3540 Kritnius
433 3488 468 3539 ad
491 3488 605 3540 Sallust.
620 3488 682 3557 lug.
697 3487 740 3552 18,
754 3487 780 3540 4.
799 3488 975 3551 Walehium‚
992 3491 1024 3539 ut
1039 3487 1165 3552 videtur,
1186 3503 1233 3539 se-

254 3581 354 3643 quutus
373 3579 449 3625 notat
469 3572 623 3642 rariorem,
641 3579 671 3624 ut
690 3572 743 3638 sit,
762 3590 857 3639 usam,
875 3590 929 3639 quo
949 3575 1017 3625 intra
1041 3571 1069 3623 id
1091 3572 1236 3641 signifieat,

254 3659 325 3727 quod
344 3652 377 3710 ad
394 3657 515 3724 aliquam
530 3674 588 3709 rem
600 3657 693 3726 vergit
707 3665 811 3710 tantum
828 3665 857 3711 et
870 3657 991 3710 accedit:
1011 3661 1092 3722 atque
1112 3659 1239 3724 exempla
1262 3660 1265 3672 ¹

248 3746 333 3797 ailert
347 3743 418 3796 alius
433 3741 552 3812 generis,
571 3743 669 3810 dequo
686 3742 749 3797 vide
767 3762 791 3795 n.
801 3742 843 3794 10.
879 3742 1003 3806 Denique
1018 3749 1109 3793 monet
1124 3741 1238 3809 propin-

253 3829 386 3897 quitatem
402 3828 462 3880 cius
479 3827 521 3879 rei
538 3827 705 3896 significari,
724 3844 793 3896 quae
809 3827 882 3879 intra
895 3824 979 3877 aliam
1001 3842 1058 3876 rem
1081 3843 1142 3878 esse
1166 3827 1240 3879 dici-

252 3920 313 3978 tur‚
333 3919 365 3966 ut
382 3916 451 3965 intra
467 3931 589 3965 oceanum
606 3912 711 3965 nonsit
728 3913 827 3978 inipso
845 3929 955 3973 oceano,
974 3911 1021 3961 sed
1038 3911 1085 3977 qui
1101 3928 1187 3978 propo
1202 3913 1239 3964 ab

252 4016 355 4054 oceano
370 3996 450 4052 absit.
483 3999 519 4051 At
536 4015 589 4049 aon
604 3998 674 4048 haec
697 4001 739 4075 est
752 3999 871 4059 potestas
887 3993 1048 4062 particulae.
1082 3994 1143 4047 Non
1164 3995 1240 4048 enim

250 4101 363 4140 necease
379 4087 421 4139 est
435 4099 495 4136 rem
508 4080 628 4146 includi,
645 4081 695 4136 sed
710 4084 818 4134 tantum
834 4078 929 4149 aliqua
952 4097 983 4134 re
1009 4078 1162 4134 termiimri.
1193 4080 1240 4137 tu
1266 4103 1272 4114 ·
