<?xml version="1.0" encoding="UTF-8"?>
<!DOCTYPE html PUBLIC "-//W3C//DTD XHTML 1.0 Transitional//EN"
    "http://www.w3.org/TR/xhtml1/DTD/xhtml1-transitional.dtd">
<html xmlns="http://www.w3.org/1999/xhtml" xml:lang="en" lang="en">
 <head>
  <title>
</title>
<meta http-equiv="Content-Type" content="text/html;charset=utf-8" />
  <meta name='ocr-system' content='tesseract 3.04.00' />
  <meta name='ocr-capabilities' content='ocr_page ocr_carea ocr_par ocr_line ocrx_word'/>
</head>
<body>
  <div class='ocr_page' id='page_1' title='image "./tursellinusseud01handgoog_0474.png"; bbox 0 0 2632 4770; ppageno 0'>
   <div class='ocr_carea' id='block_1_1' title="bbox 125 144 282 275">
    <p class='ocr_par' dir='ltr' id='par_1_1' title="bbox 125 144 282 275">
     <span class='ocr_line' id='line_1_1' title="bbox 125 144 282 275; baseline 0 0"><span class='ocrx_word' id='word_1_1' title='bbox 125 163 160 205; x_wconf 64' lang='lat'><strong>⁵</strong></span> <span class='ocrx_word' id='word_1_2' title='bbox 217 144 282 275; x_wconf 68' lang='lat' dir='ltr'><strong><em>tio</em></strong></span> 
     </span>
    </p>
   </div>
   <div class='ocr_carea' id='block_1_2' title="bbox 679 176 781 268">
    <p class='ocr_par' dir='ltr' id='par_1_2' title="bbox 679 176 781 268">
     <span class='ocr_line' id='line_1_2' title="bbox 679 176 781 268; baseline 0 -2"><span class='ocrx_word' id='word_1_3' title='bbox 679 176 781 268; x_wconf 73' lang='lat' dir='ltr'><strong><em>&#39;rrn</em></strong></span> 
     </span>
    </p>
   </div>
   <div class='ocr_carea' id='block_1_3' title="bbox 285 352 1305 1197">
    <p class='ocr_par' dir='ltr' id='par_1_3' title="bbox 285 352 1305 1197">
     <span class='ocr_line' id='line_1_3' title="bbox 320 352 1275 423; baseline -0.001 -12"><span class='ocrx_word' id='word_1_4' title='bbox 320 352 620 421; x_wconf 78' lang='lat' dir='ltr'><strong><em>Plous.1suo.:1‚1,4.</em></strong></span> <span class='ocrx_word' id='word_1_5' title='bbox 638 372 692 408; x_wconf 87' lang='lat' dir='ltr'><strong><em>non</em></strong></span> <span class='ocrx_word' id='word_1_6' title='bbox 705 363 798 411; x_wconf 84' lang='lat' dir='ltr'><strong><em>centus</em></strong></span> <span class='ocrx_word' id='word_1_7' title='bbox 817 353 893 423; x_wconf 75' lang='lat' dir='ltr'><strong><em>fuit,</em></strong></span> <span class='ocrx_word' id='word_1_8' title='bbox 910 369 998 408; x_wconf 81' lang='lat' dir='ltr'><strong><em>ossum</em></strong></span> <span class='ocrx_word' id='word_1_9' title='bbox 1018 354 1165 409; x_wconf 80' lang='lat' dir='ltr'><strong><em>Alcumena</em></strong></span> <span class='ocrx_word' id='word_1_10' title='bbox 1187 357 1275 410; x_wconf 83' lang='lat' dir='ltr'><strong><em>Euri·</em></strong></span> 
     </span>
     <span class='ocr_line' id='line_1_4' title="bbox 285 437 1305 515; baseline -0.002 -19"><span class='ocrx_word' id='word_1_11' title='bbox 285 444 360 515; x_wconf 76' lang='lat' dir='ltr'><strong><em>pislis</em></strong></span> <span class='ocrx_word' id='word_1_12' title='bbox 378 440 513 496; x_wconf 67' lang='lat' dir='ltr'><strong><em>itasomnis</em></strong></span> <span class='ocrx_word' id='word_1_13' title='bbox 523 440 554 493; x_wconf 90' lang='lat' dir='ltr'><strong><em>de</em></strong></span> <span class='ocrx_word' id='word_1_14' title='bbox 568 447 631 494; x_wconf 86' lang='lat' dir='ltr'><strong><em>tecto</em></strong></span> <span class='ocrx_word' id='word_1_15' title='bbox 645 440 788 493; x_wconf 73' lang='lat' dir='ltr'><strong><em>deturbavit</em></strong></span> <span class='ocrx_word' id='word_1_16' title='bbox 804 437 917 508; x_wconf 82' lang='lat' dir='ltr'><strong><em>tegulas.</em></strong></span> <span class='ocrx_word' id='word_1_17' title='bbox 934 439 1000 495; x_wconf 56' lang='lat' dir='ltr'><strong><em>Aul..</em></strong></span> <span class='ocrx_word' id='word_1_18' title='bbox 1011 437 1037 505; x_wconf 78' lang='grc'><strong>3,</strong></span> <span class='ocrx_word' id='word_1_19' title='bbox 1052 438 1078 503; x_wconf 90' lang='lat' dir='ltr'><strong><em>l,</em></strong></span> <span class='ocrx_word' id='word_1_20' title='bbox 1095 438 1122 493; x_wconf 84' lang='grc'><strong><em>5.</em></strong></span> <span class='ocrx_word' id='word_1_21' title='bbox 1138 447 1212 494; x_wconf 89' lang='lat' dir='ltr'><strong><em>totus</em></strong></span> <span class='ocrx_word' id='word_1_22' title='bbox 1225 442 1276 494; x_wconf 88' lang='lat' dir='ltr'><strong><em>do-</em></strong></span> <span class='ocrx_word' id='word_1_23' title='bbox 1301 505 1305 515; x_wconf 36' lang='grc' dir='ltr'>Ι</span> 
     </span>
     <span class='ocr_line' id='line_1_5' title="bbox 288 523 1277 594; baseline -0.004 -13"><span class='ocrx_word' id='word_1_24' title='bbox 288 529 343 592; x_wconf 80' lang='lat' dir='ltr'><strong><em>leo,</em></strong></span> <span class='ocrx_word' id='word_1_25' title='bbox 371 533 449 594; x_wconf 77' lang='lat' dir='ltr'><strong><em>atquc</em></strong></span> <span class='ocrx_word' id='word_1_26' title='bbox 469 524 562 594; x_wconf 82' lang='lat' dir='ltr'><strong><em>oppido</em></strong></span> <span class='ocrx_word' id='word_1_27' title='bbox 582 524 665 594; x_wconf 76' lang='lat' dir='ltr'><strong><em>perii.-</em></strong></span> <span class='ocrx_word' id='word_1_28' title='bbox 691 524 730 577; x_wconf 89' lang='lat' dir='ltr'><strong><em>ita</em></strong></span> <span class='ocrx_word' id='word_1_29' title='bbox 750 540 790 575; x_wconf 88' lang='lat' dir='ltr'><strong><em>me</em></strong></span> <span class='ocrx_word' id='word_1_30' title='bbox 810 523 858 575; x_wconf 83' lang='lat' dir='ltr'><strong><em>iste</em></strong></span> <span class='ocrx_word' id='word_1_31' title='bbox 880 523 972 575; x_wconf 81' lang='lat' dir='ltr'><strong><em>lsabsdt</em></strong></span> <span class='ocrx_word' id='word_1_32' title='bbox 991 541 1064 576; x_wconf 80' lang='lat' dir='ltr'><strong><em>senec</em></strong></span> <span class='ocrx_word' id='word_1_33' title='bbox 1089 526 1277 594; x_wconf 73' lang='lat' dir='ltr'><strong><em>gymnasium.</em></strong></span> 
     </span>
     <span class='ocr_line' id='line_1_6' title="bbox 287 606 1277 678; baseline -0.002 -13"><span class='ocrx_word' id='word_1_34' title='bbox 287 611 387 678; x_wconf 78' lang='lat' dir='ltr'><strong><em>Amph.</em></strong></span> <span class='ocrx_word' id='word_1_35' title='bbox 407 607 477 672; x_wconf 91' lang='grc'><strong>5,1,</strong></span> <span class='ocrx_word' id='word_1_36' title='bbox 502 607 544 661; x_wconf 91' lang='grc'><strong>15.</strong></span> <span class='ocrx_word' id='word_1_37' title='bbox 566 608 672 678; x_wconf 78' lang='lat' dir='ltr'><strong><em>¹ccciccc</em></strong></span> <span class='ocrx_word' id='word_1_38' title='bbox 700 608 785 660; x_wconf 86' lang='lat' dir='ltr'><strong><em>censui</em></strong></span> <span class='ocrx_word' id='word_1_39' title='bbox 809 607 899 660; x_wconf 79' lang='lat' dir='ltr'><strong><em>aediss</em></strong></span> <span class='ocrx_word' id='word_1_40' title='bbox 928 606 969 658; x_wconf 91' lang='lat' dir='ltr'><strong><em>ita</em></strong></span> <span class='ocrx_word' id='word_1_41' title='bbox 993 615 1049 660; x_wconf 87' lang='lat' dir='ltr'><strong><em>tam</em></strong></span> <span class='ocrx_word' id='word_1_42' title='bbox 1072 609 1277 677; x_wconf 74' lang='lat' dir='ltr'><strong><em>confulgebant.</em></strong></span> 
     </span>
     <span class='ocr_line' id='line_1_7' title="bbox 286 687 1278 759; baseline -0.003 -10"><span class='ocrx_word' id='word_1_43' title='bbox 286 697 376 750; x_wconf 81' lang='lat' dir='ltr'><strong><em>Malta</em></strong></span> <span class='ocrx_word' id='word_1_44' title='bbox 404 693 528 759; x_wconf 82' lang='lat' dir='ltr'><strong><em>exemplo</em></strong></span> <span class='ocrx_word' id='word_1_45' title='bbox 556 691 661 745; x_wconf 85' lang='lat' dir='ltr'><strong><em>notavit</em></strong></span> <span class='ocrx_word' id='word_1_46' title='bbox 689 691 795 744; x_wconf 83' lang='lat' dir='ltr'><strong><em>Parcus</em></strong></span> <span class='ocrx_word' id='word_1_47' title='bbox 822 688 889 742; x_wconf 75' lang='lat' dir='ltr'><strong><em>Isex.</em></strong></span> <span class='ocrx_word' id='word_1_48' title='bbox 914 687 975 742; x_wconf 81' lang='lat' dir='ltr'><strong><em>crit.</em></strong></span> <span class='ocrx_word' id='word_1_49' title='bbox 999 707 1027 757; x_wconf 81' lang='lat' dir='ltr'><strong><em>p.</em></strong></span> <span class='ocrx_word' id='word_1_50' title='bbox 1049 688 1110 742; x_wconf 87' lang='grc'><strong>646.</strong></span> <span class='ocrx_word' id='word_1_51' title='bbox 1153 691 1278 755; x_wconf 77' lang='lat' dir='ltr'><strong><em>Sallust.</em></strong></span> 
     </span>
     <span class='ocr_line' id='line_1_8' title="bbox 289 774 1279 844; baseline -0.004 -10"><span class='ocrx_word' id='word_1_52' title='bbox 289 780 348 834; x_wconf 77' lang='lat' dir='ltr'><strong><em>coe</em></strong></span> <span class='ocrx_word' id='word_1_53' title='bbox 364 774 408 842; x_wconf 89' lang='grc'><strong><em>15,</em></strong></span> <span class='ocrx_word' id='word_1_54' title='bbox 424 774 451 827; x_wconf 91' lang='grc'><strong><em>4.</em></strong></span> <span class='ocrx_word' id='word_1_55' title='bbox 468 776 568 828; x_wconf 80' lang='lat' dir='ltr'><strong><em>animos</em></strong></span> <span class='ocrx_word' id='word_1_56' title='bbox 581 777 702 843; x_wconf 80' lang='lat' dir='ltr'><strong><em>impurus</em></strong></span> <span class='ocrx_word' id='word_1_57' title='bbox 718 801 752 815; x_wconf 92' lang='lat'><em>-</em></span> <span class='ocrx_word' id='word_1_58' title='bbox 768 791 847 843; x_wconf 79' lang='lat' dir='ltr'><strong><em>neque</em></strong></span> <span class='ocrx_word' id='word_1_59' title='bbox 859 774 960 844; x_wconf 82' lang='lat' dir='ltr'><strong><em>uigiliis</em></strong></span> <span class='ocrx_word' id='word_1_60' title='bbox 980 792 1060 843; x_wconf 82' lang='lat' dir='ltr'><strong><em>neque</em></strong></span> <span class='ocrx_word' id='word_1_61' title='bbox 1081 777 1215 844; x_wconf 78' lang='lat' dir='ltr'><strong><em>quietibus</em></strong></span> <span class='ocrx_word' id='word_1_62' title='bbox 1235 794 1279 831; x_wconf 88' lang='lat' dir='ltr'><strong><em>se·</em></strong></span> 
     </span>
     <span class='ocr_line' id='line_1_9' title="bbox 291 859 1279 932; baseline -0.004 -14"><span class='ocrx_word' id='word_1_63' title='bbox 291 865 352 918; x_wconf 79' lang='lat' dir='ltr'><strong><em>daci</em></strong></span> <span class='ocrx_word' id='word_1_64' title='bbox 359 867 476 932; x_wconf 74' lang='lat' dir='ltr'><strong><em>poterat.-</em></strong></span> <span class='ocrx_word' id='word_1_65' title='bbox 491 859 688 913; x_wconf 78' lang='lat' dir='ltr'><strong><em>ituconscientia</em></strong></span> <span class='ocrx_word' id='word_1_66' title='bbox 702 867 810 913; x_wconf 89' lang='lat' dir='ltr'><strong><em>mentem</em></strong></span> <span class='ocrx_word' id='word_1_67' title='bbox 821 859 929 912; x_wconf 78' lang='lat' dir='ltr'><strong><em>excitam</em></strong></span> <span class='ocrx_word' id='word_1_68' title='bbox 943 862 1072 915; x_wconf 77' lang='lat' dir='ltr'><strong><em>uastabat.</em></strong></span> <span class='ocrx_word' id='word_1_69' title='bbox 1093 860 1279 915; x_wconf 72' lang='lat' dir='ltr'><strong><em>ubicortim.</em></strong></span> 
     </span>
     <span class='ocr_line' id='line_1_10' title="bbox 294 958 1280 1031; baseline -0.001 -12"><span class='ocrx_word' id='word_1_70' title='bbox 294 963 459 1020; x_wconf 64' lang='lat' dir='ltr'><strong><em>cumcuin.</em></strong></span> <span class='ocrx_word' id='word_1_71' title='bbox 468 958 494 1026; x_wconf 78' lang='grc'><strong>3,</strong></span> <span class='ocrx_word' id='word_1_72' title='bbox 509 961 552 1028; x_wconf 72' lang='lat'><strong><em>2⁰,</em></strong></span> <span class='ocrx_word' id='word_1_73' title='bbox 568 960 612 1016; x_wconf 90' lang='grc'><strong><em>66.</em></strong></span> <span class='ocrx_word' id='word_1_74' title='bbox 629 962 716 1030; x_wconf 75' lang='lat' dir='ltr'><strong><em>itaque</em></strong></span> <span class='ocrx_word' id='word_1_75' title='bbox 728 980 779 1015; x_wconf 86' lang='lat' dir='ltr'><strong><em>non</em></strong></span> <span class='ocrx_word' id='word_1_76' title='bbox 786 963 916 1028; x_wconf 74' lang='lat' dir='ltr'><strong><em>faciteam</em></strong></span> <span class='ocrx_word' id='word_1_77' title='bbox 930 963 1050 1028; x_wconf 84' lang='lat' dir='ltr'><strong><em>invenire,</em></strong></span> <span class='ocrx_word' id='word_1_78' title='bbox 1069 965 1114 1031; x_wconf 80' lang='lat' dir='ltr'><strong><em>qui</em></strong></span> <span class='ocrx_word' id='word_1_79' title='bbox 1127 965 1200 1031; x_wconf 78' lang='lat' dir='ltr'><strong><em>quad</em></strong></span> <span class='ocrx_word' id='word_1_80' title='bbox 1211 964 1280 1018; x_wconf 77' lang='lat' dir='ltr'><strong><em>sciat</em></strong></span> 
     </span>
     <span class='ocr_line' id='line_1_11' title="bbox 288 1046 1278 1122; baseline 0.004 -23"><span class='ocrx_word' id='word_1_81' title='bbox 288 1050 363 1121; x_wconf 76' lang='lat' dir='ltr'><strong><em>ipse,</em></strong></span> <span class='ocrx_word' id='word_1_82' title='bbox 379 1066 430 1104; x_wconf 80' lang='lat' dir='ltr'><strong><em>non</em></strong></span> <span class='ocrx_word' id='word_1_83' title='bbox 444 1047 536 1099; x_wconf 80' lang='lat' dir='ltr'><strong><em>tradat</em></strong></span> <span class='ocrx_word' id='word_1_84' title='bbox 554 1046 648 1098; x_wconf 79' lang='lat' dir='ltr'><strong><em>alteri:</em></strong></span> <span class='ocrx_word' id='word_1_85' title='bbox 674 1047 722 1098; x_wconf 86' lang='lat' dir='ltr'><strong><em>ita·</em></strong></span> <span class='ocrx_word' id='word_1_86' title='bbox 736 1062 789 1122; x_wconf 79' lang='lat' dir='ltr'><strong><em>non</em></strong></span> <span class='ocrx_word' id='word_1_87' title='bbox 811 1047 893 1098; x_wconf 85' lang='lat' dir='ltr'><strong><em>solum</em></strong></span> <span class='ocrx_word' id='word_1_88' title='bbox 913 1047 949 1099; x_wconf 91' lang='lat' dir='ltr'><strong><em>ad</em></strong></span> <span class='ocrx_word' id='word_1_89' title='bbox 975 1049 1125 1101; x_wconf 86' lang='lat' dir='ltr'><strong><em>discendum</em></strong></span> <span class='ocrx_word' id='word_1_90' title='bbox 1144 1048 1278 1119; x_wconf 77' lang='lat' dir='ltr'><strong><em>propensi</em></strong></span> 
     </span>
     <span class='ocr_line' id='line_1_12' title="bbox 287 1127 1041 1197; baseline -0.005 -9"><span class='ocrx_word' id='word_1_91' title='bbox 287 1150 392 1197; x_wconf 85' lang='lat' dir='ltr'><strong><em>comus,</em></strong></span> <span class='ocrx_word' id='word_1_92' title='bbox 410 1131 587 1184; x_wconf 83' lang='lat' dir='ltr'><strong><em>verumetiam</em></strong></span> <span class='ocrx_word' id='word_1_93' title='bbox 608 1129 645 1184; x_wconf 83' lang='lat' dir='ltr'><strong><em>cd</em></strong></span> <span class='ocrx_word' id='word_1_94' title='bbox 660 1131 810 1184; x_wconf 82' lang='lat' dir='ltr'><strong><em>docendum·</em></strong></span> <span class='ocrx_word' id='word_1_95' title='bbox 843 1127 892 1185; x_wconf 83' lang='lat' dir='ltr'><strong><em>ubi</em></strong></span> <span class='ocrx_word' id='word_1_96' title='bbox 907 1129 1041 1184; x_wconf 84' lang='lat' dir='ltr'><strong><em>Goeroou.</em></strong></span> 
     </span>
    </p>
   </div>
   <div class='ocr_carea' id='block_1_4' title="bbox 291 1207 1278 1388">
    <p class='ocr_par' dir='ltr' id='par_1_4' title="bbox 291 1207 1278 1388">
     <span class='ocr_line' id='line_1_13' title="bbox 325 1207 1278 1297; baseline 0.001 -9"><span class='ocrx_word' id='word_1_97' title='bbox 325 1234 388 1291; x_wconf 63' lang='lat' dir='ltr'><strong><em>cie</em></strong></span> <span class='ocrx_word' id='word_1_98' title='bbox 399 1233 434 1287; x_wconf 74' lang='lat' dir='ltr'><strong><em>so</em></strong></span> <span class='ocrx_word' id='word_1_99' title='bbox 452 1234 508 1287; x_wconf 80' lang='lat' dir='ltr'><strong><em>nu.</em></strong></span> <span class='ocrx_word' id='word_1_100' title='bbox 521 1231 547 1297; x_wconf 79' lang='lat' dir='ltr'><strong><em>s,</em></strong></span> <span class='ocrx_word' id='word_1_101' title='bbox 561 1231 587 1297; x_wconf 80' lang='lat'><strong><em>2,</em></strong></span> <span class='ocrx_word' id='word_1_102' title='bbox 601 1230 628 1285; x_wconf 90' lang='lat'><strong><em>1.</em></strong></span> <span class='ocrx_word' id='word_1_103' title='bbox 643 1207 942 1287; x_wconf 68' lang='lat' dir='ltr'><strong><em>‘umnoonmmmn</em></strong></span> <span class='ocrx_word' id='word_1_104' title='bbox 955 1235 1011 1289; x_wconf 77' lang='lat' dir='ltr'><strong><em>ms.</em></strong></span> <span class='ocrx_word' id='word_1_105' title='bbox 1027 1236 1131 1288; x_wconf 72' lang='lat' dir='ltr'><strong><em>cauus.</em></strong></span> <span class='ocrx_word' id='word_1_106' title='bbox 1150 1235 1216 1288; x_wconf 69' lang='lat' dir='ltr'><strong><em>uec.</em></strong></span> <span class='ocrx_word' id='word_1_107' title='bbox 1234 1235 1278 1293; x_wconf 76' lang='lat' dir='ltr'><strong><em>us</em></strong></span> 
     </span>
     <span class='ocr_line' id='line_1_14' title="bbox 291 1316 1275 1388; baseline 0.002 -16"><span class='ocrx_word' id='word_1_108' title='bbox 291 1328 339 1374; x_wconf 88' lang='lat' dir='ltr'><strong><em>tua</em></strong></span> <span class='ocrx_word' id='word_1_109' title='bbox 353 1318 481 1388; x_wconf 75' lang='lat' dir='ltr'><strong><em>felicitate</em></strong></span> <span class='ocrx_word' id='word_1_110' title='bbox 501 1316 668 1387; x_wconf 81' lang='lat' dir='ltr'><strong><em>navigandi:</em></strong></span> <span class='ocrx_word' id='word_1_111' title='bbox 689 1317 728 1369; x_wconf 89' lang='lat' dir='ltr'><strong><em>ita</em></strong></span> <span class='ocrx_word' id='word_1_112' title='bbox 747 1317 808 1370; x_wconf 76' lang='lat' dir='ltr'><strong><em>belle</em></strong></span> <span class='ocrx_word' id='word_1_113' title='bbox 824 1318 896 1370; x_wconf 83' lang='lat' dir='ltr'><strong><em>nobis</em></strong></span> <span class='ocrx_word' id='word_1_114' title='bbox 912 1320 994 1387; x_wconf 80' lang='lat' dir='ltr'><strong><em>flovit</em></strong></span> <span class='ocrx_word' id='word_1_115' title='bbox 1014 1321 1049 1370; x_wconf 77' lang='lat' dir='ltr'><strong><em>ab</em></strong></span> <span class='ocrx_word' id='word_1_116' title='bbox 1069 1318 1152 1386; x_wconf 79' lang='lat' dir='ltr'><strong><em>Epiro</em></strong></span> <span class='ocrx_word' id='word_1_117' title='bbox 1170 1320 1275 1374; x_wconf 52' lang='lat' dir='ltr'><strong><em>lenm&amp;</em></strong></span> 
     </span>
    </p>
   </div>
   <div class='ocr_carea' id='block_1_5' title="bbox 237 1398 1275 1475">
    <p class='ocr_par' dir='ltr' id='par_1_5' title="bbox 237 1398 1275 1475">
     <span class='ocr_line' id='line_1_15' title="bbox 237 1398 1275 1475; baseline 0 -16"><span class='ocrx_word' id='word_1_118' title='bbox 237 1411 238 1414; x_wconf 76' lang='grc'>’</span> <span class='ocrx_word' id='word_1_119' title='bbox 290 1421 347 1459; x_wconf 88' lang='lat' dir='ltr'><strong><em>mus</em></strong></span> <span class='ocrx_word' id='word_1_120' title='bbox 371 1403 548 1455; x_wconf 70' lang='lat' dir='ltr'><strong><em>Onchesmites.</em></strong></span> <span class='ocrx_word' id='word_1_121' title='bbox 580 1398 666 1466; x_wconf 84' lang='grc'><strong>7,16.</strong></span> <span class='ocrx_word' id='word_1_122' title='bbox 690 1403 948 1471; x_wconf 58' lang='lat' dir='ltr'><strong><em>deiectionemque</em></strong></span> <span class='ocrx_word' id='word_1_123' title='bbox 970 1404 1070 1456; x_wconf 76' lang='lat' dir='ltr'><strong><em>hercule</em></strong></span> <span class='ocrx_word' id='word_1_124' title='bbox 1093 1404 1155 1470; x_wconf 79' lang='lat' dir='ltr'><strong><em>quid</em></strong></span> <span class='ocrx_word' id='word_1_125' title='bbox 1176 1407 1275 1475; x_wconf 83' lang='lat' dir='ltr'><strong><em>agam,</em></strong></span> 
     </span>
    </p>
   </div>
   <div class='ocr_carea' id='block_1_6' title="bbox 290 1485 1276 1720">
    <p class='ocr_par' dir='ltr' id='par_1_6' title="bbox 290 1485 1276 1720">
     <span class='ocr_line' id='line_1_16' title="bbox 291 1485 1276 1556; baseline 0.007 -16"><span class='ocrx_word' id='word_1_126' title='bbox 291 1505 339 1541; x_wconf 86' lang='lat' dir='ltr'><strong><em>nec</em></strong></span> <span class='ocrx_word' id='word_1_127' title='bbox 352 1487 415 1556; x_wconf 74' lang='lat' dir='ltr'><strong><em>quid</em></strong></span> <span class='ocrx_word' id='word_1_128' title='bbox 431 1493 534 1540; x_wconf 75' lang='lat' dir='ltr'><strong><em>adunus</em></strong></span> <span class='ocrx_word' id='word_1_129' title='bbox 553 1485 611 1549; x_wconf 87' lang='lat' dir='ltr'><strong><em>sim,</em></strong></span> <span class='ocrx_word' id='word_1_130' title='bbox 633 1485 700 1537; x_wconf 75' lang='lat' dir='ltr'><strong><em>scios</em></strong></span> <span class='ocrx_word' id='word_1_131' title='bbox 717 1485 827 1543; x_wconf 81' lang='lat' dir='ltr'><strong><em>ilatum</em></strong></span> <span class='ocrx_word' id='word_1_132' title='bbox 843 1489 1006 1556; x_wconf 78' lang='lat' dir='ltr'><strong><em>perturbatus</em></strong></span> <span class='ocrx_word' id='word_1_133' title='bbox 1028 1490 1171 1542; x_wconf 80' lang='lat' dir='ltr'><strong><em>temeritate</em></strong></span> <span class='ocrx_word' id='word_1_134' title='bbox 1193 1492 1276 1546; x_wconf 79' lang='lat' dir='ltr'><strong><em>nostri</em></strong></span> 
     </span>
     <span class='ocr_line' id='line_1_17' title="bbox 292 1566 1276 1644; baseline 0.005 -18"><span class='ocrx_word' id='word_1_135' title='bbox 292 1570 461 1626; x_wconf 68' lang='lat' dir='ltr'><strong><em>amentissimi</em></strong></span> <span class='ocrx_word' id='word_1_136' title='bbox 474 1570 585 1623; x_wconf 81' lang='lat' dir='ltr'><strong><em>consilii·</em></strong></span> <span class='ocrx_word' id='word_1_137' title='bbox 625 1566 660 1621; x_wconf 80' lang='lat' dir='ltr'><strong><em>ed</em></strong></span> <span class='ocrx_word' id='word_1_138' title='bbox 682 1568 716 1636; x_wconf 77' lang='lat' dir='ltr'><strong><em>Q·</em></strong></span> <span class='ocrx_word' id='word_1_139' title='bbox 731 1569 796 1623; x_wconf 81' lang='lat' dir='ltr'><strong><em>frat.</em></strong></span> <span class='ocrx_word' id='word_1_140' title='bbox 814 1568 840 1636; x_wconf 75' lang='grc'><strong>6,</strong></span> <span class='ocrx_word' id='word_1_141' title='bbox 855 1570 880 1625; x_wconf 86' lang='grc'><strong><em>5.</em></strong></span> <span class='ocrx_word' id='word_1_142' title='bbox 900 1573 932 1625; x_wconf 88' lang='lat' dir='ltr'><strong><em>de</em></strong></span> <span class='ocrx_word' id='word_1_143' title='bbox 956 1573 1047 1627; x_wconf 88' lang='lat' dir='ltr'><strong><em>latinis</em></strong></span> <span class='ocrx_word' id='word_1_144' title='bbox 1068 1591 1141 1639; x_wconf 86' lang='lat' dir='ltr'><strong><em>uera,</em></strong></span> <span class='ocrx_word' id='word_1_145' title='bbox 1164 1593 1219 1644; x_wconf 79' lang='lat' dir='ltr'><strong><em>qua</em></strong></span> <span class='ocrx_word' id='word_1_146' title='bbox 1234 1594 1276 1631; x_wconf 84' lang='lat' dir='ltr'><strong><em>ms</em></strong></span> 
     </span>
     <span class='ocr_line' id='line_1_18' title="bbox 290 1654 1274 1720; baseline 0.003 -9"><span class='ocrx_word' id='word_1_147' title='bbox 290 1664 406 1720; x_wconf 66' lang='lat' dir='ltr'><strong><em>mam,</em></strong></span> <span class='ocrx_word' id='word_1_148' title='bbox 423 1655 523 1708; x_wconf 73' lang='lat' dir='ltr'><strong><em>nam:</em></strong></span> <span class='ocrx_word' id='word_1_149' title='bbox 540 1655 580 1708; x_wconf 87' lang='lat' dir='ltr'><strong><em>ita</em></strong></span> <span class='ocrx_word' id='word_1_150' title='bbox 598 1654 715 1707; x_wconf 82' lang='lat' dir='ltr'><strong><em>mendose</em></strong></span> <span class='ocrx_word' id='word_1_151' title='bbox 731 1662 758 1708; x_wconf 87' lang='lat' dir='ltr'><strong><em>et</em></strong></span> <span class='ocrx_word' id='word_1_152' title='bbox 772 1656 918 1711; x_wconf 77' lang='lat' dir='ltr'><strong><em>scribuntur</em></strong></span> <span class='ocrx_word' id='word_1_153' title='bbox 939 1663 962 1710; x_wconf 85' lang='lat' dir='ltr'><strong><em>et</em></strong></span> <span class='ocrx_word' id='word_1_154' title='bbox 983 1667 1099 1710; x_wconf 82' lang='lat' dir='ltr'><strong><em>veneant.</em></strong></span> <span class='ocrx_word' id='word_1_155' title='bbox 1134 1659 1170 1710; x_wconf 84' lang='lat' dir='ltr'><strong><em>ud</em></strong></span> <span class='ocrx_word' id='word_1_156' title='bbox 1194 1661 1274 1714; x_wconf 86' lang='lat' dir='ltr'><strong><em>Fam.</em></strong></span> 
     </span>
    </p>
   </div>
   <div class='ocr_carea' id='block_1_7' title="bbox 189 1736 1275 1812">
    <p class='ocr_par' dir='ltr' id='par_1_7' title="bbox 189 1736 1275 1812">
     <span class='ocr_line' id='line_1_19' title="bbox 189 1736 1275 1812; baseline 0.008 -20"><span class='ocrx_word' id='word_1_157' title='bbox 189 1738 194 1805; x_wconf 54' lang='grc' dir='ltr'>ζ</span> <span class='ocrx_word' id='word_1_158' title='bbox 292 1739 320 1805; x_wconf 78' lang='lat'><strong><em>2,</em></strong></span> <span class='ocrx_word' id='word_1_159' title='bbox 336 1737 404 1806; x_wconf 69' lang='grc'><strong>5,1.</strong></span> <span class='ocrx_word' id='word_1_160' title='bbox 422 1757 448 1810; x_wconf 76' lang='lat' dir='ltr'><strong><em>p.</em></strong></span> <span class='ocrx_word' id='word_1_161' title='bbox 465 1739 554 1794; x_wconf 83' lang='lat' dir='ltr'><strong><em>Deiot.</em></strong></span> <span class='ocrx_word' id='word_1_162' title='bbox 569 1736 597 1805; x_wconf 77' lang='grc'><strong><em>1,</em></strong></span> <span class='ocrx_word' id='word_1_163' title='bbox 612 1738 656 1792; x_wconf 77' lang='lat'><strong><em>21.</em></strong></span> <span class='ocrx_word' id='word_1_164' title='bbox 672 1740 711 1792; x_wconf 89' lang='lat' dir='ltr'><strong><em>dii</em></strong></span> <span class='ocrx_word' id='word_1_165' title='bbox 726 1747 752 1793; x_wconf 89' lang='lat' dir='ltr'><strong><em>te</em></strong></span> <span class='ocrx_word' id='word_1_166' title='bbox 771 1742 906 1810; x_wconf 79' lang='lat' dir='ltr'><strong><em>perduint,</em></strong></span> <span class='ocrx_word' id='word_1_167' title='bbox 920 1743 1057 1812; x_wconf 72' lang='lat' dir='ltr'><strong><em>fugitive:</em></strong></span> <span class='ocrx_word' id='word_1_168' title='bbox 1077 1744 1116 1795; x_wconf 86' lang='lat' dir='ltr'><strong><em>ita</em></strong></span> <span class='ocrx_word' id='word_1_169' title='bbox 1130 1761 1184 1797; x_wconf 90' lang='lat' dir='ltr'><strong><em>non</em></strong></span> <span class='ocrx_word' id='word_1_170' title='bbox 1198 1746 1275 1800; x_wconf 86' lang='lat' dir='ltr'><strong><em>moda</em></strong></span> 
     </span>
    </p>
   </div>
   <div class='ocr_carea' id='block_1_8' title="bbox 293 1826 964 1900">
    <p class='ocr_par' dir='ltr' id='par_1_8' title="bbox 293 1826 964 1900">
     <span class='ocr_line' id='line_1_20' title="bbox 293 1826 964 1900; baseline -0.009 -17"><span class='ocrx_word' id='word_1_171' title='bbox 293 1833 405 1900; x_wconf 73' lang='lat' dir='ltr'><strong><em>nsquam</em></strong></span> <span class='ocrx_word' id='word_1_172' title='bbox 418 1831 441 1878; x_wconf 89' lang='lat' dir='ltr'><strong><em>et</em></strong></span> <span class='ocrx_word' id='word_1_173' title='bbox 455 1826 601 1895; x_wconf 70' lang='lat' dir='ltr'><strong><em>improbas,</em></strong></span> <span class='ocrx_word' id='word_1_174' title='bbox 619 1826 664 1878; x_wconf 85' lang='lat' dir='ltr'><strong><em>sed</em></strong></span> <span class='ocrx_word' id='word_1_175' title='bbox 673 1827 770 1891; x_wconf 83' lang='lat' dir='ltr'><strong><em>sotuus</em></strong></span> <span class='ocrx_word' id='word_1_176' title='bbox 784 1833 809 1879; x_wconf 87' lang='lat' dir='ltr'><strong><em>et</em></strong></span> <span class='ocrx_word' id='word_1_177' title='bbox 826 1843 913 1880; x_wconf 89' lang='lat' dir='ltr'><strong><em>amens</em></strong></span> <span class='ocrx_word' id='word_1_178' title='bbox 930 1844 964 1880; x_wconf 87' lang='lat' dir='ltr'><strong><em>es.</em></strong></span> 
     </span>
    </p>
   </div>
   <div class='ocr_carea' id='block_1_9' title="bbox 292 1907 1275 2162">
    <p class='ocr_par' dir='ltr' id='par_1_9' title="bbox 292 1907 1275 2162">
     <span class='ocr_line' id='line_1_21' title="bbox 329 1907 1274 1999; baseline 0.001 -18"><span class='ocrx_word' id='word_1_179' title='bbox 329 1925 392 1981; x_wconf 75' lang='lat' dir='ltr'><strong><em>lov.</em></strong></span> <span class='ocrx_word' id='word_1_180' title='bbox 407 1924 433 1992; x_wconf 76' lang='grc'><strong>6,</strong></span> <span class='ocrx_word' id='word_1_181' title='bbox 448 1926 492 1993; x_wconf 78' lang='grc'><strong>66,</strong></span> <span class='ocrx_word' id='word_1_182' title='bbox 509 1927 536 1981; x_wconf 80' lang='lat'><strong><em>8.</em></strong></span> <span class='ocrx_word' id='word_1_183' title='bbox 559 1907 667 1981; x_wconf 76' lang='lat' dir='ltr'><strong><em>tantum</em></strong></span> <span class='ocrx_word' id='word_1_184' title='bbox 682 1927 807 1979; x_wconf 83' lang='lat' dir='ltr'><strong><em>momenti</em></strong></span> <span class='ocrx_word' id='word_1_185' title='bbox 825 1928 855 1979; x_wconf 90' lang='lat' dir='ltr'><strong><em>in</em></strong></span> <span class='ocrx_word' id='word_1_186' title='bbox 871 1945 924 1980; x_wconf 88' lang='lat' dir='ltr'><strong><em>ano</em></strong></span> <span class='ocrx_word' id='word_1_187' title='bbox 946 1929 1003 1981; x_wconf 84' lang='lat' dir='ltr'><strong><em>uiso</em></strong></span> <span class='ocrx_word' id='word_1_188' title='bbox 1025 1929 1056 1980; x_wconf 75' lang='lat' dir='ltr'><strong><em>In</em></strong></span> <span class='ocrx_word' id='word_1_189' title='bbox 1080 1929 1186 1999; x_wconf 82' lang='lat' dir='ltr'><strong><em>Papirio</em></strong></span> <span class='ocrx_word' id='word_1_190' title='bbox 1205 1930 1274 1998; x_wconf 76' lang='lat' dir='ltr'><strong><em>suit,</em></strong></span> 
     </span>
     <span class='ocr_line' id='line_1_22' title="bbox 292 2009 1275 2083; baseline 0.003 -17"><span class='ocrx_word' id='word_1_191' title='bbox 292 2009 372 2066; x_wconf 54' lang='lat' dir='ltr'><strong><em>ut&#39;-</em></strong></span> <span class='ocrx_word' id='word_1_192' title='bbox 389 2011 515 2064; x_wconf 80' lang='lat' dir='ltr'><strong><em>debellari</em></strong></span> <span class='ocrx_word' id='word_1_193' title='bbox 527 2028 558 2064; x_wconf 88' lang='lat' dir='ltr'><strong><em>ec</em></strong></span> <span class='ocrx_word' id='word_1_194' title='bbox 579 2012 620 2064; x_wconf 85' lang='lat' dir='ltr'><strong><em>die</em></strong></span> <span class='ocrx_word' id='word_1_195' title='bbox 641 2029 699 2063; x_wconf 75' lang='lat' dir='ltr'><strong><em>essm</em></strong></span> <span class='ocrx_word' id='word_1_196' title='bbox 719 2011 878 2063; x_wconf 82' lang='lat' dir='ltr'><strong><em>Samnitibus</em></strong></span> <span class='ocrx_word' id='word_1_197' title='bbox 901 2013 1015 2081; x_wconf 73' lang='lat' dir='ltr'><strong><em>potuisse</em></strong></span> <span class='ocrx_word' id='word_1_198' title='bbox 1034 2032 1082 2083; x_wconf 77' lang='lat' dir='ltr'><strong><em>pec</em></strong></span> <span class='ocrx_word' id='word_1_199' title='bbox 1100 2014 1173 2065; x_wconf 79' lang='lat' dir='ltr'><strong><em>nanu</em></strong></span> <span class='ocrx_word' id='word_1_200' title='bbox 1194 2016 1275 2069; x_wconf 82' lang='lat' dir='ltr'><strong><em>dubio</em></strong></span> 
     </span>
     <span class='ocr_line' id='line_1_23' title="bbox 293 2094 1275 2162; baseline 0.003 -12"><span class='ocrx_word' id='word_1_201' title='bbox 293 2098 409 2150; x_wconf 67' lang='lat' dir='ltr'><strong><em>haidum</em></strong></span> <span class='ocrx_word' id='word_1_202' title='bbox 424 2096 475 2148; x_wconf 82' lang='lat' dir='ltr'><strong><em>sit:</em></strong></span> <span class='ocrx_word' id='word_1_203' title='bbox 491 2094 768 2148; x_wconf 68' lang='lat' dir='ltr'><strong><em>sainsorensium</em></strong></span> <span class='ocrx_word' id='word_1_204' title='bbox 789 2095 843 2148; x_wconf 87' lang='lat' dir='ltr'><strong><em>loco</em></strong></span> <span class='ocrx_word' id='word_1_205' title='bbox 860 2112 892 2147; x_wconf 90' lang='lat' dir='ltr'><strong><em>ac</em></strong></span> <span class='ocrx_word' id='word_1_206' title='bbox 914 2098 1049 2162; x_wconf 75' lang='lat' dir='ltr'><strong><em>subsidiis,</em></strong></span> <span class='ocrx_word' id='word_1_207' title='bbox 1068 2099 1108 2149; x_wconf 86' lang='lat' dir='ltr'><strong><em>ita</em></strong></span> <span class='ocrx_word' id='word_1_208' title='bbox 1130 2100 1202 2150; x_wconf 89' lang='lat' dir='ltr'><strong><em>omni</em></strong></span> <span class='ocrx_word' id='word_1_209' title='bbox 1218 2107 1275 2153; x_wconf 82' lang='lat' dir='ltr'><strong><em>arte</em></strong></span> 
     </span>
    </p>
   </div>
   <div class='ocr_carea' id='block_1_10' title="bbox 237 2175 1276 2252">
    <p class='ocr_par' dir='ltr' id='par_1_10' title="bbox 237 2175 1276 2252">
     <span class='ocr_line' id='line_1_24' title="bbox 237 2175 1276 2252; baseline 0.003 -19"><span class='ocrx_word' id='word_1_210' title='bbox 237 2178 241 2187; x_wconf 83' lang='grc'><em>“</em></span> <span class='ocrx_word' id='word_1_211' title='bbox 294 2180 385 2233; x_wconf 77' lang='lat' dir='ltr'><strong><em>settim</em></strong></span> <span class='ocrx_word' id='word_1_212' title='bbox 401 2177 528 2246; x_wconf 82' lang='lat' dir='ltr'><strong><em>firmauit.</em></strong></span> <span class='ocrx_word' id='word_1_213' title='bbox 563 2176 678 2248; x_wconf 77' lang='lat' dir='ltr'><strong><em>Quintil.</em></strong></span> <span class='ocrx_word' id='word_1_214' title='bbox 699 2175 844 2242; x_wconf 81' lang='grc'><strong>16,1,611.</strong></span> <span class='ocrx_word' id='word_1_215' title='bbox 870 2179 915 2246; x_wconf 83' lang='lat' dir='ltr'><strong><em>qui</em></strong></span> <span class='ocrx_word' id='word_1_216' title='bbox 937 2181 976 2232; x_wconf 85' lang='lat' dir='ltr'><strong><em>oei</em></strong></span> <span class='ocrx_word' id='word_1_217' title='bbox 989 2200 1057 2234; x_wconf 85' lang='lat' dir='ltr'><strong><em>unus</em></strong></span> <span class='ocrx_word' id='word_1_218' title='bbox 1074 2209 1107 2219; x_wconf 90' lang='lat'>—</span> <span class='ocrx_word' id='word_1_219' title='bbox 1133 2183 1276 2252; x_wconf 78' lang='lat' dir='ltr'><strong><em>diligenter</em></strong></span> 
     </span>
    </p>
   </div>
   <div class='ocr_carea' id='block_1_11' title="bbox 294 2262 1277 2347">
    <p class='ocr_par' dir='ltr' id='par_1_11' title="bbox 294 2262 1277 2347">
     <span class='ocr_line' id='line_1_25' title="bbox 294 2262 1277 2347; baseline 0.002 -29"><span class='ocrx_word' id='word_1_220' title='bbox 294 2265 371 2318; x_wconf 73' lang='lat' dir='ltr'><strong><em>lectum</em></strong></span> <span class='ocrx_word' id='word_1_221' title='bbox 380 2265 416 2315; x_wconf 87' lang='lat' dir='ltr'><strong><em>ad</em></strong></span> <span class='ocrx_word' id='word_1_222' title='bbox 430 2269 529 2328; x_wconf 89' lang='lat' dir='ltr'><strong><em>cuncta,</em></strong></span> <span class='ocrx_word' id='word_1_223' title='bbox 543 2280 609 2347; x_wconf 81' lang='lat' dir='ltr'><strong><em>quae</em></strong></span> <span class='ocrx_word' id='word_1_224' title='bbox 622 2262 803 2333; x_wconf 80' lang='lat' dir='ltr'><strong><em>praecipimus,</em></strong></span> <span class='ocrx_word' id='word_1_225' title='bbox 817 2264 954 2332; x_wconf 71' lang='lat' dir='ltr'><strong><em>efficiendo</em></strong></span> <span class='ocrx_word' id='word_1_226' title='bbox 967 2267 1098 2334; x_wconf 73' lang='lat' dir='ltr'><strong><em>msficiatc</em></strong></span> <span class='ocrx_word' id='word_1_227' title='bbox 1119 2267 1159 2318; x_wconf 87' lang='lat' dir='ltr'><strong><em>ita</em></strong></span> <span class='ocrx_word' id='word_1_228' title='bbox 1175 2285 1277 2320; x_wconf 88' lang='lat' dir='ltr'><strong><em>omnem</em></strong></span> 
     </span>
    </p>
   </div>
   <div class='ocr_carea' id='block_1_12' title="bbox 211 2342 1277 2504">
    <p class='ocr_par' dir='ltr' id='par_1_12' title="bbox 211 2342 1277 2504">
     <span class='ocr_line' id='line_1_26' title="bbox 241 2342 1277 2420; baseline 0.005 -20"><span class='ocrx_word' id='word_1_229' title='bbox 241 2377 243 2381; x_wconf 20' lang='grc' dir='ltr'><em>Α</em></span> <span class='ocrx_word' id='word_1_230' title='bbox 294 2348 366 2400; x_wconf 87' lang='lat' dir='ltr'><strong><em>oitoe</em></strong></span> <span class='ocrx_word' id='word_1_231' title='bbox 381 2347 523 2416; x_wconf 83' lang='lat' dir='ltr'><strong><em>imaginem</em></strong></span> <span class='ocrx_word' id='word_1_232' title='bbox 537 2347 670 2416; x_wconf 75' lang='lat' dir='ltr'><strong><em>expressit:</em></strong></span> <span class='ocrx_word' id='word_1_233' title='bbox 688 2354 767 2402; x_wconf 88' lang='lat' dir='ltr'><strong><em>tanta</em></strong></span> <span class='ocrx_word' id='word_1_234' title='bbox 780 2342 811 2400; x_wconf 83' lang='lat' dir='ltr'><strong><em>in</em></strong></span> <span class='ocrx_word' id='word_1_235' title='bbox 824 2362 854 2401; x_wconf 88' lang='lat' dir='ltr'><strong><em>eo</em></strong></span> <span class='ocrx_word' id='word_1_236' title='bbox 868 2349 1013 2402; x_wconf 84' lang='lat' dir='ltr'><strong><em>inveniendi</em></strong></span> <span class='ocrx_word' id='word_1_237' title='bbox 1028 2351 1102 2419; x_wconf 84' lang='lat' dir='ltr'><strong><em>copia</em></strong></span> <span class='ocrx_word' id='word_1_238' title='bbox 1116 2358 1141 2403; x_wconf 90' lang='lat' dir='ltr'><strong><em>ct</em></strong></span> <span class='ocrx_word' id='word_1_239' title='bbox 1154 2352 1277 2420; x_wconf 81' lang='lat' dir='ltr'><strong><em>eloquen-</em></strong></span> 
     </span>
     <span class='ocr_line' id='line_1_27' title="bbox 211 2431 1277 2504; baseline 0.006 -20"><span class='ocrx_word' id='word_1_240' title='bbox 211 2466 217 2470; x_wconf 92' lang='lat'><em>-</em></span> <span class='ocrx_word' id='word_1_241' title='bbox 281 2432 323 2502; x_wconf 76' lang='lat' dir='ltr'><strong><em>¹di</em></strong></span> <span class='ocrx_word' id='word_1_242' title='bbox 340 2433 472 2498; x_wconf 78' lang='lat' dir='ltr'><strong><em>facultass</em></strong></span> <span class='ocrx_word' id='word_1_243' title='bbox 498 2433 536 2484; x_wconf 88' lang='lat' dir='ltr'><strong><em>ita</em></strong></span> <span class='ocrx_word' id='word_1_244' title='bbox 556 2439 594 2485; x_wconf 90' lang='lat' dir='ltr'><strong><em>cst</em></strong></span> <span class='ocrx_word' id='word_1_245' title='bbox 615 2432 733 2484; x_wconf 74' lang='lat' dir='ltr'><strong><em>omnibus</em></strong></span> <span class='ocrx_word' id='word_1_246' title='bbox 754 2431 842 2495; x_wconf 76' lang='lat' dir='ltr'><strong><em>relus,</em></strong></span> <span class='ocrx_word' id='word_1_247' title='bbox 860 2433 994 2502; x_wconf 80' lang='lat' dir='ltr'><strong><em>personis,</em></strong></span> <span class='ocrx_word' id='word_1_248' title='bbox 1016 2437 1155 2504; x_wconf 78' lang='lat' dir='ltr'><strong><em>affectibus</em></strong></span> <span class='ocrx_word' id='word_1_249' title='bbox 1174 2455 1277 2490; x_wconf 91' lang='lat' dir='ltr'><strong><em>accom-</em></strong></span> 
     </span>
    </p>
   </div>
   <div class='ocr_carea' id='block_1_13' title="bbox 231 3114 288 3254">
    <p class='ocr_par' dir='ltr' id='par_1_13' title="bbox 231 3114 288 3254">
     <span class='ocr_line' id='line_1_28' title="bbox 231 3114 287 3168; baseline 0 0"><span class='ocrx_word' id='word_1_250' title='bbox 231 3114 287 3168; x_wconf 85' lang='lat' dir='ltr'><strong><em>tur</em></strong></span> 
     </span>
     <span class='ocr_line' id='line_1_29' title="bbox 232 3199 288 3254; baseline -0.036 0"><span class='ocrx_word' id='word_1_251' title='bbox 232 3199 288 3254; x_wconf 79' lang='lat' dir='ltr'><strong><em>out</em></strong></span> 
     </span>
    </p>
   </div>
   <div class='ocr_carea' id='block_1_14' title="bbox 296 2512 1275 2591">
    <p class='ocr_par' dir='ltr' id='par_1_14' title="bbox 296 2512 1275 2591">
     <span class='ocr_line' id='line_1_30' title="bbox 296 2512 1275 2591; baseline 0.007 -23"><span class='ocrx_word' id='word_1_252' title='bbox 296 2517 421 2568; x_wconf 86' lang='lat' dir='ltr'><strong><em>modatus.</em></strong></span> <span class='ocrx_word' id='word_1_253' title='bbox 455 2514 633 2569; x_wconf 72' lang='lat' dir='ltr'><strong><em>Planities.</em></strong></span> <span class='ocrx_word' id='word_1_254' title='bbox 649 2512 774 2580; x_wconf 77' lang='grc'><strong>1,1,23.</strong></span> <span class='ocrx_word' id='word_1_255' title='bbox 791 2516 880 2569; x_wconf 86' lang='lat' dir='ltr'><strong><em>nullus</em></strong></span> <span class='ocrx_word' id='word_1_256' title='bbox 907 2520 998 2571; x_wconf 89' lang='lat' dir='ltr'><strong><em>melius</em></strong></span> <span class='ocrx_word' id='word_1_257' title='bbox 1021 2521 1175 2574; x_wconf 79' lang='lat' dir='ltr'><strong><em>medicinam</em></strong></span> <span class='ocrx_word' id='word_1_258' title='bbox 1190 2523 1275 2591; x_wconf 71' lang='lat' dir='ltr'><strong><em>facite</em></strong></span> 
     </span>
    </p>
   </div>
   <div class='ocr_carea' id='block_1_15' title="bbox 296 2600 1278 2736">
    <p class='ocr_par' dir='ltr' id='par_1_15' title="bbox 296 2600 1278 2736">
     <span class='ocr_line' id='line_1_31' title="bbox 296 2600 1278 2674; baseline 0.01 -22"><span class='ocrx_word' id='word_1_259' title='bbox 296 2601 337 2652; x_wconf 83' lang='lat' dir='ltr'><strong><em>ita</em></strong></span> <span class='ocrx_word' id='word_1_260' title='bbox 352 2605 391 2652; x_wconf 87' lang='lat' dir='ltr'><strong><em>est</em></strong></span> <span class='ocrx_word' id='word_1_261' title='bbox 403 2600 548 2657; x_wconf 82' lang='lat' dir='ltr'><strong><em>adulescens</em></strong></span> <span class='ocrx_word' id='word_1_262' title='bbox 570 2600 642 2670; x_wconf 76' lang='lat' dir='ltr'><strong><em>ipsus</em></strong></span> <span class='ocrx_word' id='word_1_263' title='bbox 655 2616 726 2652; x_wconf 83' lang='lat' dir='ltr'><strong><em>escae</em></strong></span> <span class='ocrx_word' id='word_1_264' title='bbox 739 2617 892 2667; x_wconf 68' lang='lat' dir='ltr'><strong><em>maxumae,</em></strong></span> <span class='ocrx_word' id='word_1_265' title='bbox 915 2605 1022 2657; x_wconf 76' lang='lat' dir='ltr'><strong><em>cereales</em></strong></span> <span class='ocrx_word' id='word_1_266' title='bbox 1040 2622 1131 2659; x_wconf 89' lang='lat' dir='ltr'><strong><em>coenas</em></strong></span> <span class='ocrx_word' id='word_1_267' title='bbox 1153 2609 1212 2674; x_wconf 87' lang='lat' dir='ltr'><strong><em>dat,</em></strong></span> <span class='ocrx_word' id='word_1_268' title='bbox 1238 2608 1278 2662; x_wconf 82' lang='lat' dir='ltr'><strong><em>ita</em></strong></span> 
     </span>
     <span class='ocr_line' id='line_1_32' title="bbox 297 2684 525 2736; baseline -0.013 -1"><span class='ocrx_word' id='word_1_269' title='bbox 297 2700 398 2736; x_wconf 79' lang='lat' dir='ltr'><strong><em>menas</em></strong></span> <span class='ocrx_word' id='word_1_270' title='bbox 411 2684 525 2736; x_wconf 73' lang='lat' dir='ltr'><strong><em>exstruit.</em></strong></span> 
     </span>
    </p>
   </div>
   <div class='ocr_carea' id='block_1_16' title="bbox 297 2760 1276 2946">
    <p class='ocr_par' dir='ltr' id='par_1_16' title="bbox 297 2760 1276 2946">
     <span class='ocr_line' id='line_1_33' title="bbox 329 2760 1276 2859; baseline 0.007 -21"><span class='ocrx_word' id='word_1_271' title='bbox 329 2783 448 2838; x_wconf 81' lang='lat' dir='ltr'><strong><em>Comicis</em></strong></span> <span class='ocrx_word' id='word_1_272' title='bbox 462 2783 576 2838; x_wconf 76' lang='lat' dir='ltr'><strong><em>usitatus</em></strong></span> <span class='ocrx_word' id='word_1_273' title='bbox 591 2760 692 2838; x_wconf 35' lang='lat' dir='ltr'><strong><em>cst&#39;hic</em></strong></span> <span class='ocrx_word' id='word_1_274' title='bbox 707 2787 815 2840; x_wconf 83' lang='lat' dir='ltr'><strong><em>dicendi</em></strong></span> <span class='ocrx_word' id='word_1_275' title='bbox 828 2805 872 2840; x_wconf 86' lang='lat' dir='ltr'><strong><em>mo</em></strong></span> <span class='ocrx_word' id='word_1_276' title='bbox 879 2788 944 2841; x_wconf 82' lang='lat' dir='ltr'><strong><em>dass</em></strong></span> <span class='ocrx_word' id='word_1_277' title='bbox 962 2790 1135 2844; x_wconf 78' lang='lat' dir='ltr'><strong><em>PlautMen.</em></strong></span> <span class='ocrx_word' id='word_1_278' title='bbox 1150 2789 1177 2857; x_wconf 87' lang='grc'><strong>4,</strong></span> <span class='ocrx_word' id='word_1_279' title='bbox 1193 2791 1276 2859; x_wconf 77' lang='grc'><strong>2,61.</strong></span> 
     </span>
     <span class='ocr_line' id='line_1_34' title="bbox 297 2869 1188 2946; baseline 0.012 -25"><span class='ocrx_word' id='word_1_280' title='bbox 297 2869 326 2921; x_wconf 88' lang='lat' dir='ltr'><strong><em>di</em></strong></span> <span class='ocrx_word' id='word_1_281' title='bbox 341 2870 414 2923; x_wconf 86' lang='lat' dir='ltr'><strong><em>iilum</em></strong></span> <span class='ocrx_word' id='word_1_282' title='bbox 430 2886 515 2923; x_wconf 86' lang='lat' dir='ltr'><strong><em>amnes</em></strong></span> <span class='ocrx_word' id='word_1_283' title='bbox 525 2870 637 2939; x_wconf 83' lang='lat' dir='ltr'><strong><em>perdant</em></strong></span> <span class='ocrx_word' id='word_1_284' title='bbox 646 2909 655 2937; x_wconf 89' lang='lat'>,</span> <span class='ocrx_word' id='word_1_285' title='bbox 671 2873 708 2924; x_wconf 91' lang='lat' dir='ltr'><strong><em>ita</em></strong></span> <span class='ocrx_word' id='word_1_286' title='bbox 725 2875 790 2925; x_wconf 78' lang='lat' dir='ltr'><strong><em>niti</em></strong></span> <span class='ocrx_word' id='word_1_287' title='bbox 806 2876 875 2926; x_wconf 79' lang='lat' dir='ltr'><strong><em>dunc</em></strong></span> <span class='ocrx_word' id='word_1_288' title='bbox 890 2875 966 2928; x_wconf 77' lang='lat' dir='ltr'><strong><em>hodie</em></strong></span> <span class='ocrx_word' id='word_1_289' title='bbox 986 2880 1097 2946; x_wconf 83' lang='lat' dir='ltr'><strong><em>corrupit</em></strong></span> <span class='ocrx_word' id='word_1_290' title='bbox 1111 2879 1188 2933; x_wconf 86' lang='lat' dir='ltr'><strong><em>diem.</em></strong></span> 
     </span>
    </p>
   </div>
   <div class='ocr_carea' id='block_1_17' title="bbox 295 3015 1276 3255">
    <p class='ocr_par' dir='ltr' id='par_1_17' title="bbox 295 3015 1276 3255">
     <span class='ocr_line' id='line_1_35' title="bbox 315 3015 1276 3117; baseline 0.014 -33"><span class='ocrx_word' id='word_1_291' title='bbox 315 3023 365 3087; x_wconf 83' lang='lat'><strong><em>15.</em></strong></span> <span class='ocrx_word' id='word_1_292' title='bbox 386 3015 542 3117; x_wconf 52' lang='lat' dir='ltr'><strong><em>Hifflioi</em></strong></span> <span class='ocrx_word' id='word_1_293' title='bbox 556 3031 684 3086; x_wconf 85' lang='lat' dir='ltr'><strong><em>tontum</em></strong></span> <span class='ocrx_word' id='word_1_294' title='bbox 700 3046 769 3088; x_wconf 84' lang='lat' dir='ltr'><strong><em>non</em></strong></span> <span class='ocrx_word' id='word_1_295' title='bbox 788 3048 903 3091; x_wconf 88' lang='lat' dir='ltr'><strong><em>omnes</em></strong></span> <span class='ocrx_word' id='word_1_296' title='bbox 916 3027 976 3092; x_wconf 87' lang='lat' dir='ltr'><strong><em>hoc</em></strong></span> <span class='ocrx_word' id='word_1_297' title='bbox 992 3030 1153 3117; x_wconf 83' lang='lat' dir='ltr'><strong><em>porticulo</em></strong></span> <span class='ocrx_word' id='word_1_298' title='bbox 1172 3043 1276 3099; x_wconf 84' lang='lat' dir='ltr'><strong><em>utun-</em></strong></span> 
     </span>
     <span class='ocr_line' id='line_1_36' title="bbox 295 3103 1276 3255; baseline 0.011 -84"><span class='ocrx_word' id='word_1_299' title='bbox 295 3152 305 3184; x_wconf 94' lang='grc'><strong>,</strong></span> <span class='ocrx_word' id='word_1_300' title='bbox 327 3117 363 3172; x_wconf 83' lang='lat' dir='ltr'><strong><em>ut</em></strong></span> <span class='ocrx_word' id='word_1_301' title='bbox 379 3103 558 3255; x_wconf 39' lang='lat' dir='ltr'><strong><em>dxffionont,</em></strong></span> <span class='ocrx_word' id='word_1_302' title='bbox 581 3129 647 3194; x_wconf 90' lang='lat' dir='ltr'><strong><em>quo</em></strong></span> <span class='ocrx_word' id='word_1_303' title='bbox 664 3113 767 3175; x_wconf 91' lang='lat' dir='ltr'><strong><em>modo</em></strong></span> <span class='ocrx_word' id='word_1_304' title='bbox 793 3112 853 3177; x_wconf 84' lang='lat' dir='ltr'><strong><em>olio</em></strong></span> <span class='ocrx_word' id='word_1_305' title='bbox 872 3136 923 3177; x_wconf 84' lang='lat' dir='ltr'><strong><em>res</em></strong></span> <span class='ocrx_word' id='word_1_306' title='bbox 942 3137 982 3178; x_wconf 89' lang='lat' dir='ltr'><strong><em>ex</em></strong></span> <span class='ocrx_word' id='word_1_307' title='bbox 1005 3116 1065 3179; x_wconf 82' lang='lat' dir='ltr'><strong><em>olis</em></strong></span> <span class='ocrx_word' id='word_1_308' title='bbox 1081 3139 1116 3180; x_wconf 88' lang='lat' dir='ltr'><strong><em>re</em></strong></span> <span class='ocrx_word' id='word_1_309' title='bbox 1130 3128 1208 3181; x_wconf 81' lang='lat' dir='ltr'><strong><em>nota</em></strong></span> <span class='ocrx_word' id='word_1_310' title='bbox 1224 3121 1276 3200; x_wconf 86' lang='lat' dir='ltr'><strong><em>sit,</em></strong></span> 
     </span>
    </p>
   </div>
   <div class='ocr_carea' id='block_1_18' title="bbox 303 3186 1277 3268">
    <p class='ocr_par' dir='ltr' id='par_1_18' title="bbox 303 3186 1277 3268">
     <span class='ocr_line' id='line_1_37' title="bbox 303 3186 1277 3268; baseline 0.014 -15"><span class='ocrx_word' id='word_1_311' title='bbox 303 3203 339 3254; x_wconf 90' lang='lat' dir='ltr'><strong><em>ut</em></strong></span> <span class='ocrx_word' id='word_1_312' title='bbox 377 3192 409 3254; x_wconf 89' lang='lat' dir='ltr'><strong><em>ui</em></strong></span> <span class='ocrx_word' id='word_1_313' title='bbox 448 3190 520 3254; x_wconf 84' lang='lat' dir='ltr'><strong><em>aliis</em></strong></span> <span class='ocrx_word' id='word_1_314' title='bbox 535 3191 632 3256; x_wconf 91' lang='lat' dir='ltr'><strong><em>rebus</em></strong></span> <span class='ocrx_word' id='word_1_315' title='bbox 648 3219 688 3259; x_wconf 85' lang='lat' dir='ltr'><strong><em>on</em></strong></span> <span class='ocrx_word' id='word_1_316' title='bbox 706 3186 1277 3268; x_wconf 48' lang='lat' dir='ltr'><strong><em>ecedffiffib&#39;os&#39;effiif&#39;uffi‘ffnenar-</em></strong></span> 
     </span>
    </p>
   </div>
   <div class='ocr_carea' id='block_1_19' title="bbox 120 3278 1277 3374">
    <p class='ocr_par' dir='ltr' id='par_1_19' title="bbox 120 3278 1277 3374">
     <span class='ocr_line' id='line_1_38' title="bbox 120 3278 1277 3374; baseline 0.009 -31"><span class='ocrx_word' id='word_1_317' title='bbox 120 3335 123 3343; x_wconf 90' lang='lat'><em>.</em></span> <span class='ocrx_word' id='word_1_318' title='bbox 230 3285 316 3340; x_wconf 81' lang='lat' dir='ltr'><strong><em>rent.</em></strong></span> <span class='ocrx_word' id='word_1_319' title='bbox 390 3278 574 3343; x_wconf 75' lang='lat' dir='ltr'><strong><em>rammotici</em></strong></span> <span class='ocrx_word' id='word_1_320' title='bbox 597 3279 631 3342; x_wconf 92' lang='lat' dir='ltr'><strong><em>id</em></strong></span> <span class='ocrx_word' id='word_1_321' title='bbox 656 3283 819 3373; x_wconf 84' lang='lat' dir='ltr'><strong><em>occipiunt</em></strong></span> <span class='ocrx_word' id='word_1_322' title='bbox 844 3305 907 3370; x_wconf 88' lang='lat' dir='ltr'><strong><em>pro</em></strong></span> <span class='ocrx_word' id='word_1_323' title='bbox 933 3296 1004 3348; x_wconf 87' lang='lat' dir='ltr'><strong><em>tum</em></strong></span> <span class='ocrx_word' id='word_1_324' title='bbox 1029 3296 1125 3352; x_wconf 68' lang='lat' dir='ltr'><strong><em>cero.⁸⁴</em></strong></span> <span class='ocrx_word' id='word_1_325' title='bbox 1148 3287 1187 3351; x_wconf 91' lang='lat' dir='ltr'><strong><em>de</em></strong></span> <span class='ocrx_word' id='word_1_326' title='bbox 1212 3310 1277 3374; x_wconf 88' lang='lat' dir='ltr'><strong><em>quo</em></strong></span> 
     </span>
    </p>
   </div>
   <div class='ocr_carea' id='block_1_20' title="bbox 231 3360 1277 3770">
    <p class='ocr_par' dir='ltr' id='par_1_20' title="bbox 231 3360 1277 3770">
     <span class='ocr_line' id='line_1_39' title="bbox 231 3360 1274 3459; baseline 0.01 -34"><span class='ocrx_word' id='word_1_327' title='bbox 231 3380 269 3425; x_wconf 78' lang='lat' dir='ltr'><strong><em>rc</em></strong></span> <span class='ocrx_word' id='word_1_328' title='bbox 287 3360 354 3424; x_wconf 77' lang='lat' dir='ltr'><strong><em>ism</em></strong></span> <span class='ocrx_word' id='word_1_329' title='bbox 374 3382 408 3424; x_wconf 86' lang='lat' dir='ltr'><strong><em>n.</em></strong></span> <span class='ocrx_word' id='word_1_330' title='bbox 424 3365 457 3425; x_wconf 86' lang='lat'><strong><em>7.</em></strong></span> <span class='ocrx_word' id='word_1_331' title='bbox 481 3361 560 3427; x_wconf 78' lang='lat' dir='ltr'><strong><em>dixi.</em></strong></span> <span class='ocrx_word' id='word_1_332' title='bbox 603 3365 742 3432; x_wconf 82' lang='lat' dir='ltr'><strong><em>Necesse</em></strong></span> <span class='ocrx_word' id='word_1_333' title='bbox 769 3379 817 3432; x_wconf 87' lang='lat' dir='ltr'><strong><em>est</em></strong></span> <span class='ocrx_word' id='word_1_334' title='bbox 840 3370 999 3455; x_wconf 80' lang='lat' dir='ltr'><strong><em>porticulo</em></strong></span> <span class='ocrx_word' id='word_1_335' title='bbox 1025 3373 1170 3459; x_wconf 88' lang='lat' dir='ltr'><strong><em>primum</em></strong></span> <span class='ocrx_word' id='word_1_336' title='bbox 1196 3396 1274 3435; x_wconf 89' lang='lat' dir='ltr'><strong><em>sen·</em></strong></span> 
     </span>
     <span class='ocr_line' id='line_1_40' title="bbox 232 3443 1272 3546; baseline 0.01 -37"><span class='ocrx_word' id='word_1_337' title='bbox 232 3445 352 3509; x_wconf 78' lang='lat' dir='ltr'><strong><em>tentiae</em></strong></span> <span class='ocrx_word' id='word_1_338' title='bbox 373 3443 489 3511; x_wconf 91' lang='lat' dir='ltr'><strong><em>locum</em></strong></span> <span class='ocrx_word' id='word_1_339' title='bbox 514 3449 668 3516; x_wconf 80' lang='lat' dir='ltr'><strong><em>obtineat.</em></strong></span> <span class='ocrx_word' id='word_1_340' title='bbox 710 3454 783 3517; x_wconf 93' lang='lat' dir='ltr'><strong><em>Hoc</em></strong></span> <span class='ocrx_word' id='word_1_341' title='bbox 816 3456 918 3519; x_wconf 88' lang='lat' dir='ltr'><strong><em>modo</em></strong></span> <span class='ocrx_word' id='word_1_342' title='bbox 942 3479 1040 3521; x_wconf 89' lang='lat' dir='ltr'><strong><em>nemo</em></strong></span> <span class='ocrx_word' id='word_1_343' title='bbox 1064 3458 1188 3546; x_wconf 80' lang='lat' dir='ltr'><strong><em>saepius</em></strong></span> <span class='ocrx_word' id='word_1_344' title='bbox 1214 3457 1272 3519; x_wconf 90' lang='lat' dir='ltr'><strong><em>lo-</em></strong></span> 
     </span>
     <span class='ocr_line' id='line_1_41' title="bbox 233 3536 1275 3625; baseline 0.012 -33"><span class='ocrx_word' id='word_1_345' title='bbox 233 3539 353 3617; x_wconf 84' lang='lat' dir='ltr'><strong><em>quutus</em></strong></span> <span class='ocrx_word' id='word_1_346' title='bbox 368 3543 415 3595; x_wconf 89' lang='lat' dir='ltr'><strong><em>est</em></strong></span> <span class='ocrx_word' id='word_1_347' title='bbox 432 3555 532 3620; x_wconf 85' lang='lat' dir='ltr'><strong><em>quam</em></strong></span> <span class='ocrx_word' id='word_1_348' title='bbox 541 3536 668 3625; x_wconf 53' lang='lat' dir='ltr'><strong><em>livius</em></strong></span> <span class='ocrx_word' id='word_1_349' title='bbox 711 3538 805 3602; x_wconf 79' lang='lat' dir='ltr'><strong><em>Haud</em></strong></span> <span class='ocrx_word' id='word_1_350' title='bbox 820 3563 896 3604; x_wconf 85' lang='lat' dir='ltr'><strong><em>roro</em></strong></span> <span class='ocrx_word' id='word_1_351' title='bbox 915 3543 981 3606; x_wconf 80' lang='lat' dir='ltr'><strong><em>exit</em></strong></span> <span class='ocrx_word' id='word_1_352' title='bbox 1007 3545 1113 3607; x_wconf 81' lang='lat' dir='ltr'><strong><em>oratio</em></strong></span> <span class='ocrx_word' id='word_1_353' title='bbox 1134 3542 1167 3605; x_wconf 71' lang='lat' dir='ltr'><strong><em>ia</em></strong></span> <span class='ocrx_word' id='word_1_354' title='bbox 1189 3564 1275 3605; x_wconf 88' lang='lat' dir='ltr'><strong><em>con-</em></strong></span> 
     </span>
     <span class='ocr_line' id='line_1_42' title="bbox 232 3618 1277 3765; baseline 0.014 -88"><span class='ocrx_word' id='word_1_355' title='bbox 232 3618 455 3765; x_wconf 35' lang='lat' dir='ltr'><strong><em>sequentiam,</em></strong></span> <span class='ocrx_word' id='word_1_356' title='bbox 476 3630 658 3713; x_wconf 41' lang='lat' dir='ltr'><strong><em>tomen-ut,</em></strong></span> <span class='ocrx_word' id='word_1_357' title='bbox 684 3625 774 3710; x_wconf 84' lang='lat' dir='ltr'><strong><em>quod</em></strong></span> <span class='ocrx_word' id='word_1_358' title='bbox 790 3627 1209 3713; x_wconf 30' lang='lat' dir='ltr'><strong><em>sequitus„·,ss-op‘ecfertur</em></strong></span> <span class='ocrx_word' id='word_1_359' title='bbox 1233 3628 1277 3694; x_wconf 81' lang='lat' dir='ltr'><strong><em>od</em></strong></span> 
     </span>
     <span class='ocr_line' id='line_1_43' title="bbox 233 3705 1194 3770; baseline 0.018 -7"><span class='ocrx_word' id='word_1_360' title='bbox 233 3711 344 3765; x_wconf 84' lang='lat' dir='ltr'><strong><em>antece</em></strong></span> <span class='ocrx_word' id='word_1_361' title='bbox 369 3725 425 3768; x_wconf 90' lang='lat' dir='ltr'><strong><em>ens</em></strong></span> <span class='ocrx_word' id='word_1_362' title='bbox 444 3705 508 3770; x_wconf 88' lang='lat' dir='ltr'><strong><em>ita.</em></strong></span> <span class='ocrx_word' id='word_1_363' title='bbox 1071 3705 1194 3721; x_wconf 52' lang='lat' dir='ltr'><strong><em>”w</em></strong></span> 
     </span>
    </p>
   </div>
   <div class='ocr_carea' id='block_1_21' title="bbox 335 3836 1279 3914">
    <p class='ocr_par' dir='ltr' id='par_1_21' title="bbox 335 3836 1279 3914">
     <span class='ocr_line' id='line_1_44' title="bbox 335 3836 1279 3914; baseline 0.015 -24"><span class='ocrx_word' id='word_1_364' title='bbox 335 3836 396 3892; x_wconf 77' lang='lat' dir='ltr'><strong><em>Lis.</em></strong></span> <span class='ocrx_word' id='word_1_365' title='bbox 420 3839 487 3906; x_wconf 80' lang='grc'><strong>1,5,</strong></span> <span class='ocrx_word' id='word_1_366' title='bbox 499 3840 525 3894; x_wconf 89' lang='grc'><strong><em>6.</em></strong></span> <span class='ocrx_word' id='word_1_367' title='bbox 545 3842 681 3896; x_wconf 86' lang='lat' dir='ltr'><strong><em>necessitas</em></strong></span> <span class='ocrx_word' id='word_1_368' title='bbox 703 3846 777 3914; x_wconf 78' lang='lat' dir='ltr'><strong><em>prior</em></strong></span> <span class='ocrx_word' id='word_1_369' title='bbox 795 3848 875 3899; x_wconf 86' lang='lat' dir='ltr'><strong><em>venit.</em></strong></span> <span class='ocrx_word' id='word_1_370' title='bbox 915 3845 971 3912; x_wconf 85' lang='lat' dir='ltr'><strong><em>Ita,</em></strong></span> <span class='ocrx_word' id='word_1_371' title='bbox 988 3857 1059 3901; x_wconf 84' lang='lat' dir='ltr'><strong><em>metu</em></strong></span> <span class='ocrx_word' id='word_1_372' title='bbox 1080 3849 1202 3902; x_wconf 84' lang='lat' dir='ltr'><strong><em>subactus</em></strong></span> <span class='ocrx_word' id='word_1_373' title='bbox 1223 3848 1279 3904; x_wconf 83' lang='lat' dir='ltr'><strong><em>Ro·</em></strong></span> 
     </span>
    </p>
   </div>
   <div class='ocr_carea' id='block_1_22' title="bbox 252 3925 1280 4003">
    <p class='ocr_par' dir='ltr' id='par_1_22' title="bbox 252 3925 1280 4003">
     <span class='ocr_line' id='line_1_45' title="bbox 252 3925 1280 4003; baseline 0.01 -27"><span class='ocrx_word' id='word_1_374' title='bbox 252 3982 256 3991; x_wconf 55' lang='grc'><strong>,</strong></span> <span class='ocrx_word' id='word_1_375' title='bbox 302 3926 372 3978; x_wconf 84' lang='lat' dir='ltr'><strong><em>mulo</em></strong></span> <span class='ocrx_word' id='word_1_376' title='bbox 387 3942 442 3978; x_wconf 81' lang='lat' dir='ltr'><strong><em>rem</em></strong></span> <span class='ocrx_word' id='word_1_377' title='bbox 458 3926 552 3994; x_wconf 78' lang='lat' dir='ltr'><strong><em>aperit.</em></strong></span> <span class='ocrx_word' id='word_1_378' title='bbox 585 3925 684 3980; x_wconf 82' lang='lat' dir='ltr'><strong><em>Paullo</em></strong></span> <span class='ocrx_word' id='word_1_379' title='bbox 697 3934 773 3996; x_wconf 75' lang='lat' dir='ltr'><strong><em>poste</em></strong></span> <span class='ocrx_word' id='word_1_380' title='bbox 790 3931 993 4002; x_wconf 75' lang='lat' dir='ltr'><strong><em>sciscitandoque</em></strong></span> <span class='ocrx_word' id='word_1_381' title='bbox 1005 3937 1091 3987; x_wconf 87' lang='lat' dir='ltr'><strong><em>codem</em></strong></span> <span class='ocrx_word' id='word_1_382' title='bbox 1102 3931 1232 4003; x_wconf 70' lang='lat' dir='ltr'><strong><em>pmuenit,</em></strong></span> <span class='ocrx_word' id='word_1_383' title='bbox 1250 3937 1280 3986; x_wconf 90' lang='lat' dir='ltr'><strong><em>ut</em></strong></span> 
     </span>
    </p>
   </div>
   <div class='ocr_carea' id='block_1_23' title="bbox 301 4006 1280 4087">
    <p class='ocr_par' dir='ltr' id='par_1_23' title="bbox 301 4006 1280 4087">
     <span class='ocr_line' id='line_1_46' title="bbox 301 4006 1280 4087; baseline 0.009 -26"><span class='ocrx_word' id='word_1_384' title='bbox 301 4006 374 4085; x_wconf 64' lang='lat' dir='ltr'><strong><em>laud</em></strong></span> <span class='ocrx_word' id='word_1_385' title='bbox 386 4010 475 4079; x_wconf 74' lang='lat' dir='ltr'><strong><em>peccat</em></strong></span> <span class='ocrx_word' id='word_1_386' title='bbox 492 4017 564 4079; x_wconf 85' lang='lat' dir='ltr'><strong><em>esset,</em></strong></span> <span class='ocrx_word' id='word_1_387' title='bbox 579 4012 641 4083; x_wconf 72' lang='lat' dir='ltr'><strong><em>quin</em></strong></span> <span class='ocrx_word' id='word_1_388' title='bbox 657 4013 762 4086; x_wconf 76' lang='lat' dir='ltr'><strong><em>Remum</em></strong></span> <span class='ocrx_word' id='word_1_389' title='bbox 778 4022 939 4086; x_wconf 78' lang='lat' dir='ltr'><strong><em>agnosceret.</em></strong></span> <span class='ocrx_word' id='word_1_390' title='bbox 973 4018 1013 4078; x_wconf 87' lang='lat' dir='ltr'><strong><em>lta</em></strong></span> <span class='ocrx_word' id='word_1_391' title='bbox 1026 4018 1137 4086; x_wconf 72' lang='lat' dir='ltr'><strong><em>undique</em></strong></span> <span class='ocrx_word' id='word_1_392' title='bbox 1150 4016 1212 4087; x_wconf 82' lang='lat' dir='ltr'><strong><em>regi</em></strong></span> <span class='ocrx_word' id='word_1_393' title='bbox 1232 4017 1280 4070; x_wconf 88' lang='lat' dir='ltr'><strong><em>do·</em></strong></span> 
     </span>
    </p>
   </div>
   <div class='ocr_carea' id='block_1_24' title="bbox 0 0 1333 4770">
    <p class='ocr_par' dir='ltr' id='par_1_24' title="bbox 0 0 1333 4770">
     <span class='ocr_line' id='line_1_47' title="bbox 0 0 1333 4770; baseline 0 0"><span class='ocrx_word' id='word_1_394' title='bbox 0 0 1333 4770; x_wconf 95' lang='lat' dir='ltr'><strong><em> </em></strong></span> 
     </span>
    </p>
   </div>
  </div>
 </body>
</html>
