2632 4770
216 271 282 339 244
605 283 610 303 ·
714 262 775 331 IN.

188 468 191 477 ·
217 422 323 494 videri
339 421 452 509 stirpis
469 429 503 484 et
526 416 732 506 primitivam
755 419 1012 510 praepositionis
1036 420 1106 486 vim
1132 427 1204 486 esse
1228 419 1290 486 de-

113 570 118 579 .
217 509 482 587 monstrativum,
500 506 786 591 quemadmodum
804 506 838 572 ἐν
854 528 896 570 ex
913 504 929 573 ἔ
944 504 1068 570 factum
1084 506 1138 570 sit.
1172 506 1288 587 Quam

215 595 406 662 doctrinam
421 589 605 656 admodum
622 591 810 656 mirabilem
827 591 882 656 hic
905 591 1046 657 omnino
1069 592 1206 656 missum
1231 591 1289 656 fu-

220 687 363 758 ciamus‚
395 679 472 765 quiu
495 699 538 742 ue
562 676 742 742 minimum
769 676 904 764 quidem
930 688 1144 745 momentum
1172 700 1214 742 ex
1248 701 1288 744 eu

219 786 389 865 emergere
405 763 576 844 videmus,
597 765 740 849 quadiu
757 761 993 852 explicandum
1013 786 1111 828 usum
1138 787 1289 852 praepo-

216 855 348 920 sitionis
373 849 523 915 adhiberi
540 849 654 936 possit.
697 849 766 913 Nos
783 849 886 935 igitur
907 849 1042 915 incertis
1067 851 1288 938 opinionibus

107 936 110 940 ’
219 961 292 1006 nou
307 935 441 1005 adducti
463 934 504 1000 ub
529 934 593 998 hoo
607 934 703 1000 initio
725 934 941 1023 incipiamus,
961 946 999 1000 ut
1023 946 1227 1014 statuamus,
1248 939 1286 1002 iu

219 1047 290 1090 esse
315 1025 366 1100 ἐν,
389 1021 480 1109 quod
506 1021 618 1084 Cretes
641 1022 741 1087 etiam
767 1024 799 1088 ἰν
815 1022 1090 1109 pronuntiabant.
1120 1023 1186 1089 vid.
1201 1024 1283 1087 Vul-

217 1113 339 1178 keuur.
356 1107 396 1172 ad
413 1106 586 1173 Theocrit.
602 1107 761 1172 Adoniaz.
780 1109 901 1196 peut.
918 1109 958 1175 B.
1001 1109 1090 1173 Haec
1107 1109 1286 1197 praeposi·

108 1250 112 1257 .
217 1201 280 1278 tio,
296 1216 378 1283 quae
393 1213 572 1280 nusquam,
590 1192 686 1258 sicuti
696 1191 734 1254 tit
746 1193 780 1258 in
798 1192 878 1274 aliis,
898 1194 1128 1262 adverbialiter
1142 1218 1287 1284 usurpa-

218 1293 295 1364 tur,
318 1301 395 1344 eum
411 1278 555 1343 ablativo
581 1279 768 1367 composita
786 1279 901 1344 lucum
923 1279 1104 1369 significat,
1126 1281 1182 1346 ubi
1203 1283 1286 1368 quid

220 1371 283 1447 sit,
313 1387 391 1430 cum
417 1365 600 1430 accusativo
623 1366 735 1431 iuncta
763 1365 896 1445 locum,
928 1360 1047 1453 quem'
1062 1367 1141 1452 quid
1170 1368 1285 1432 intret.

221 1455 290 1521 ssd
304 1473 382 1518 usus
405 1451 541 1515 voculae
558 1460 627 1514 tum
649 1450 828 1539 multiplex
841 1461 873 1516 at
901 1472 939 1516 ue
956 1452 1116 1538 frequens
1143 1463 1211 1535 est,
1234 1464 1284 1535 ut,

220 1542 281 1628 qui
304 1536 450 1624 singulas
471 1538 616 1601 rationes
639 1537 861 1625 explicaturus
876 1474 1070 1602 lliscrimiuu
1095 1542 1194 1603 etiam
1215 1542 1283 1604 mi-

217 1625 396 1691 nutissima
412 1622 491 1687 velit
515 1622 708 1700 observare,
738 1624 794 1690 vix
819 1621 949 1688 eviturit
972 1624 1094 1690 nimiae
1116 1625 1286 1691 subtilita-

219 1712 265 1779 tis
278 1706 586 1799 reprehensionem.

225 1890 229 1897 .
304 1836 333 1904 1.
352 1837 502 1902 Primum
521 1835 562 1901 de
578 1833 739 1900 ablativos
760 1833 796 1897 in
813 1832 904 1898 ouius
920 1854 981 1898 usu
997 1838 1286 1922 praepositionem

218 1922 262 2001 ira
275 1923 323 1989 ite
339 1942 608 2010 percenseamus,
630 1929 667 1982 ut
683 1918 831 2005 primurn
853 1942 907 1995 eu,
932 1926 1016 2007 quae
1040 1923 1080 2007 ad
1098 1924 1209 2002 locum
1236 1926 1288 1990 vel

1 1946 53 2099 s
218 2000 496 2096 tempestiuum,
520 2004 637 2071 deinde
653 2025 709 2083 eu,
731 2025 816 2089 quae
839 2015 971 2092 tempus
994 2006 1199 2094 significant,
1222 2033 1285 2074 ex-

143 2167 145 2173 ,
219 2094 401 2244 plicemus,
424 2105 456 2158 et
469 2091 565 2156 tertio
581 2088 656 2152 loco
682 2111 718 2152 ea
735 2088 1076 2176 comprehendamus,
1099 2117 1184 2180 quae
1208 2119 1285 2159 am-

246 2179 339 2266 iguae
357 2178 509 2244 videntur
525 2196 595 2239 esse
610 2173 748 2237 rationis
761 2175 795 2239 iu
810 2179 1094 2243 accommodando
1114 2203 1200 2244 casu.
1244 2181 1283 2245 lu

220 2264 287 2335 illis
306 2287 408 2342 reru,
432 2282 515 2347 quae
530 2270 650 2324 statum
677 2260 712 2324 in
735 2259 847 2347 aliquo
870 2263 945 2327 loco
975 2265 1025 2329 vel
1051 2267 1085 2329 iu
1110 2267 1218 2352 uliquu
1244 2289 1280 2331 re

221 2336 410 2439 designant,
431 2342 544 2411 omnia
561 2340 717 2432 erempla
734 2347 775 2410 ad
792 2347 877 2413 duos
894 2349 1073 2434 redigenda
1094 2362 1172 2415 sunt
1187 2353 1282 2415 ordi-

220 2457 292 2502 nes.
336 2434 420 2500 Num
440 2440 495 2495 aut
511 2431 694 2518 cogitamus
712 2442 835 2517 statum
861 2443 893 2500 et
911 2437 1140 2502 conditionem
1166 2437 1282 2502 homi-

220 2516 280 2586 nis
291 2518 340 2587 val
354 2516 404 2583 rei
419 2520 556 2606 agentis,
572 2529 629 2583 aut
647 2519 1014 2609 conditionemprerum,
1033 2523 1067 2588 iu
1084 2525 1202 2610 quibus
1217 2524 1283 2587 ho-

214 2606 325 2672 'n'uinee
348 2602 400 2667 vel
422 2625 474 2668 res
496 2604 625 2692 agendo
649 2616 833 2671 versantur.
893 2607 967 2672 Hoc
999 2609 1142 2674 alterum
1177 2632 1281 2696 genus

218 2685 507 2783 philosophorum
526 2713 622 2756 mure
647 2690 867 2768 obiectivum,
889 2693 974 2758 illud
998 2696 1139 2762 alterum
1164 2697 1280 2762 subie-

218 2777 343 2865 ctirum
361 2776 532 2861 appellare
548 2777 669 2864 placet.

219 2944 222 2948 -
303 2905 333 2965 t.
355 2901 526 2970 Primitiva
543 2901 739 2990 significatio
764 2902 862 2967 huius
887 2908 1144 2996 praepositionis
1166 2911 1278 2976 locum

217 2986 386 3074 designat,
418 2992 568 3075 quirem
602 2988 745 3072 aliquam
776 2990 915 3056 includit
938 2997 1085 3076 et‘intra
1107 3021 1143 3061 se
1168 2998 1276 3064 habet.

218 3072 542 3171 OPEfflllhull...⁶?tha3
583 3073 620 3137 ld
639 3095 719 3136 vcro
739 3076 903 3162 ampliore
919 3080 1058 3145 notione
1076 3083 1220 3147 refertur
1239 3084 1280 3148 ad

213 3158 341 3237 ¹lotium,
364 3152 422 3225 ubi
439 3156 519 3246 quid
536 3160 589 3239 sit,
611 3159 849 3227 denotandum.
894 3163 941 3228 ltu
956 3165 1004 3239 fit,
1021 3178 1059 3231 ut
1076 3178 1107 3231 et
1123 3192 1279 3255 graecum

213 3244 252 3310 ‘dv
266 3255 300 3310 et
318 3243 460 3310 lutiuum
475 3246 513 3310 in
533 3244 646 3309 locum
663 3244 848 3332 significent
864 3252 1069 3336 generaliter.
1113 3254 1200 3318 lllud
1219 3255 1280 3321 uhu·

216 3349 323 3416 quun
341 3329 452 3396 dutivo
474 3351 568 3413 casu,
590 3331 648 3419 qui
664 3333 707 3396 ob
728 3333 810 3398 hanc
825 3357 971 3402 ouussum
988 3339 1146 3403 locativus
1165 3343 1280 3408 vocari

215 3422 252 3479 et
263 3415 422 3500 singulari
440 3415 552 3482 formu
570 3418 733 3505 designari
752 3431 882 3507 potest,
901 3425 1039 3510 proprie
1058 3425 1278 3508 exprimatur,

214 3499 251 3565 iu
267 3498 369 3565 latina
388 3502 520 3588 lingua,
550 3508 684 3590 quaudo
710 3507 835 3572 ueoedit
858 3509 1075 3595 praepositio,
1098 3507 1137 3571 fit
1156 3510 1278 3575 abluti·

214 3602 295 3663 vus,
325 3608 426 3672 quem
454 3600 576 3654 uotum
603 3601 653 3655 est
679 3593 909 3678 antiquissimo
942 3604 1094 3680 tempore
1127 3597 1275 3663 eiusdem

214 3667 315 3735 fuisse
332 3672 472 3738 formae.
515 3673 606 3741 Duae
625 3677 726 3764 igitur
750 3678 908 3743 dictiones
928 3678 962 3741 in
987 3699 1084 3744 usum
1101 3696 1276 3766 venerunt,

214 3755 314 3822 etiam
332 3780 408 3823 cum
426 3760 571 3845 quodam
588 3762 613 3825 si
639 3761 837 3827 nificationis
853 3762 1065 3829 discrimine:
1092 3789 1170 3832 nam
1190 3770 1276 3835 ulta-

115 3874 119 3894 ι
212 3863 252 3906 ra
273 3842 405 3911 locativi
433 3846 467 3910 iu
492 3787 683 3911 nominibus
705 3847 839 3912 urbium
867 3846 1009 3930 iudicat,
1041 3851 1087 3915 ibi
1111 3876 1181 3917 esse
1210 3856 1273 3920 ali·

210 3947 333 4012 quem,
355 3930 456 3997 altera
478 3930 538 3996 ini
566 3954 601 3996 su
624 3930 707 3996 urbe
722 3931 867 4018 aliquem
892 3956 1000 4016 esse‚:
1023 3938 1123 4003 veluti
1141 3938 1272 4006 Romae

199 4013 444 4103 ssstzultom,
467 4017 511 4081 iu·
553 4040 632 4101 outa
651 4026 700 4080 est
723 4017 760 4081 in
774 4016 874 4083 Rom.
919 4019 1092 4089 Locativus
1109 4026 1144 4089 in
1160 4028 1274 4092 nomi-

188 4096 309 4178 „uihus
325 4101 470 4188 urbium,
491 4100 695 4191 praepositio
710 4104 748 4170 in
765 4103 957 4174 nominibus
970 4118 1135 4177 terrurum
1153 4133 1273 4200 regua-

173 4235 201 4273 ff
