2632 4770
552 263 642 332 rau.
825 355 828 365 ι
1061 274 1123 340 ras

70 420 174 484 iuxta
189 420 340 509 sequitur
356 419 546 488 iactantior
561 419 695 502 Ancus,
717 441 808 486 nuuc
820 441 946 510 quoque
965 423 1039 489 iam
1065 428 1123 492 rci-

72 505 183 570 mium
201 507 362 591 gaudens
381 503 606 594 popularibus
631 505 738 571 curis.
777 507 906 571 'samen
929 531 999 574 non
1024 511 1123 576 buius

73 591 205 678 generis
220 603 270 656 est
283 593 375 657 locus
392 591 558 657 Ciceronis
573 592 605 655 in
619 592 710 657 Vera.
725 597 758 670 t,
775 597 828 673 27,
848 598 899 658 60.
919 597 1015 660 renio
1033 618 1141 663 arere·

71 697 145 741 nore
160 677 236 741 ium
254 678 314 752 ud*
360 690 475 743 rtume
496 698 557 742 uec
573 677 710 741 omnino
726 678 838 765 negari
863 680 1002 764 poterit,
1024 684 1123 755 etiam

72 771 201 829 veteres
218 784 302 849 quos
326 787 380 827 am
395 763 570 850 aliquando
585 761 744 827 voeabula
758 764 984 845 coniunxisse,
1006 787 1123 853 quem-

70 846 258 913 admodum
274 850 380 915 etium
395 872 485 921 nunc
508 858 540 913 et
564 847 779 926 etiamnunc,
803 849 893 937 quod
907 849 938 914 si
954 859 991 915 et'
1002 851 1123 938 quodsi

70 933 289 1025 scripserunt.
524 980 537 990 -
629 971 630 975 =
707 992 710 997 .
832 952 835 963 ·

161 1058 214 1118 11.
241 1051 397 1122 11111111
433 1055 567 1138 antiqua
598 1059 649 1115 est
679 1048 808 1140 dicendi
834 1049 958 1117 forma.
1010 1054 1122 1135 Quae-

73 1137 163 1202 ritur
178 1137 222 1203 in
246 1161 284 1203 ea
333 1159 462 1224 uoque,
483 1149 597 1202 utrum
621 1135 704 1200 duae
725 1134 788 1201 bae
812 1138 991 1284 particulae
1018 1161 1149 1223 unum·

75 1222 277 1288 vocabulum
297 1245 314 1288 e
355 1223 452 1303 ciant,
475 1223 598 1309 unique
613 1221 758 1285 accentui
775 1240 813 1285 su
839 1224 1022 1305 mittantur,
1040 1227 1126 1293 sicut

75 1304 118 1373 lit
142 1320 242 1391 utut,
263 1331 305 1373 an
328 1331 363 1373 se
406 1318 495 1389 ratae
511 1307 682 1373 interiecto
705 1305 800 1371 nullo
820 1307 915 1394 signo
936 1309 1125 1380 scribendae

75 1393 158 1458 sint.
196 1396 304 1481 Atque
319 1393 363 1458 du
388 1395 456 1459 ium
472 1393 576 1480 magis
594 1391 629 1456 id
652 1389 780 1457 videtur
803 1413 987 1479 essequam
1009 1397 1124 1463 inue-

73 1478 189 1567 liquis.
231 1480 359 1545 Desunt
375 1479 464 1545 euim
480 1477 634 1566 exempla
649 1497 769 1542 vocum
790 1499 851 1564 per
874 1478 963 1543 aliud
986 1481 1125 1549 verbum

74 1565 316 1653 interpositum
336 1565 575 1631 distractarum.
598 1605 600 1611 ι
625 1561 711 1628 Nem
740 1582 844 1649 qutun
867 1563 1124 1656 Oudendorpius

77 1670 160 1715 cum
181 1649 387 1716 Beramauno
412 1648 594 1716 defendunt
609 1657 707 1735 atque
731 1646 1125 1742 commendenteeriptu·
1177 1653 1179 1657 ’
1241 1627 1245 1638 ’

77 1755 155 1802 ram
179 1735 349 1801 cuiusdam
373 1735 495 1801 codicis
517 1736 554 1803 in
577 1734 701 1799 Lucani
723 1734 763 1816 5,
777 1736 852 1799 749.
879 1733 953 1799 ium
975 1758 1029 1802 me
1050 1737 1126 1803 iam

78 1819 196 1886 Morte
211 1826 215 1831 '
226 1833 360 1908 parato
400 1843 532 1887 securos
559 1820 697 1907 cepisse
723 1817 835 1906 pudet
871 1842 948 1885 cum
980 1823 1125 1912 coniuge

78 1926 228 1971 somnos.
248 1915 373 1972 temere
389 1906 436 1973 ibi
452 1915 610 1973 excusant
632 1925 780 1970 errorem
807 1903 950 1978 scribae,
973 1908 1028 1994 qui
1051 1908 1126 1974 ium
1176 1948 1183 1965 ι

107 2013 146 2056 ro
168 2013 252 2056 num
277 1991 377 2058 dedit.
435 1992 520 2058 Rem
552 1993 660 2080 ipsam
691 1991 767 2057 catis
800 1991 955 2079 exposuit
983 1994 1125 2061 Curtius.

78 2012 151 2142 lter
167 2097 246 2143 vero
262 2087 456 2167 propterea,
479 2077 569 2164 quod
587 2074 748 2164 quoniam
765 2096 829 2163 pro
856 2098 955 2227 prom
972 2078 1046 2144 iam
1071 2078 1126 2144 di-

80 2161 189 2239 eitur,
218 2162 428 2228 scribendum
448 2164 509 2227 erit
530 2162 684 2249 ioniam:
713 2183 791 2226 nam
814 2159 857 2225 ba
881 2183 971 2228 emus
1000 2165 1127 2231 amicio

80 2258 117 2314 et
130 2248 371 2315 circumiacere
386 2259 418 2313 et
432 2248 506 2315 alia.
547 2246 675 2311 Tamen
691 2245 766 2311 iam
785 2246 858 2311 iam
882 2248 1000 2315 eodem
1022 2250 1125 2315 modo

81 2331 213 2400 fectum
235 2357 323 2407 esse,
353 2355 421 2422 quo
444 2341 693 2431 componuntur
715 2355 773 2397 mc
801 2332 832 2396 ia
856 2334 990 2423 arogis,
1011 2347 1043 2400 et
1061 2336 1126 2403 dici

80 2442 148 2521 pro
167 2420 241 2483 ium
259 2421 404 2507 iamque,
422 2440 593 2506 perspicue
608 2415 749 2481 declarat
787 2416 903 2482 utullus
918 2425 970 2485 63.
981 2425 1034 2485 73.
1052 2422 1128 2487 iam

80 2528 159 2571 zum
176 2505 284 2581 dolet,
309 2504 399 2593 quod
415 2505 489 2592 egi,
513 2503 586 2567 iam
604 2502 738 2588 iamque
756 2503 919 2586 poenitet.
961 2504 1020 2568 His
1042 2527 1127 2571 con·
1228 2521 1231 2525 ’

80 2593 183 2661 traria
199 2613 240 2655 ue
255 2591 328 2676 quis
343 2590 456 2656 afferat
473 2589 568 2654 verba
584 2585 711 2674 Virgilii
722 2588 802 2652 Aen.
823 2592 874 2667 12,
890 2589 963 2652 753.
982 2589 1025 2654 ita
1040 2593 1128 2657 aeri·

82 2677 209 2741 beuda:
231 2688 269 2741 ut
285 2675 415 2741 vividus
435 2671 563 2738 Vmber
576 2673 693 2737 haeret
707 2672 826 2751 lucas,
846 2672 1054 2761 iamiamque
1073 2687 1127 2745 te-

82 2772 162 2842 net,
190 2762 375 2850 similisque
408 2760 537 2826 terrenti
565 2759 735 2845 increpuit
764 2756 878 2822 caulis.
907 2758 1126 2846 interpunctio
1171 2775 1173 2779 ’
1234 2780 1236 2787 ·

82 2848 281 2932 corrigenda
296 2848 375 2913 erit:
397 2844 650 2912 haeretiticos:
671 2844 894 2930 iamiamque
911 2854 1013 2910 terret.
1054 2846 1125 2913 Ve-

83 2955 164 3001 rum
180 2935 279 3020 igitur
301 2931 482 2997 affirmasse
502 2928 653 3015 equidem
677 2926 758 2992 mihi
782 2929 914 3004 videor,
938 2951 1039 3015 quum
1062 2933 1128 2999 itc-

81 3041 164 3087 rum
184 3019 345 3090 arbitror,
369 3029 544 3100 utramque
563 3016 757 3101 scripturam
780 3014 921 3097 probam
947 3015 1128 3081 veteribus-

112 3126 151 3170 ue
167 3104 316 3168 usitatam
333 3102 445 3166 fuisse.
487 3100 572 3164 Nam
598 3099 730 3186 quaudo
753 3101 866 3164 minor
892 3110 961 3164 erut
982 3110 1127 3188 potestas

84 3129 194 3255 delata
205 3188 393 3276 particulae,
412 3197 444 3251 et
454 3185 616 3273 duplicata
630 3183 700 3249 sere
711 3206 774 3273 pro
784 3183 924 3271 simplici
934 3185 1128 3273 ponebatur,

83 3277 186 3342 etiam
219 3285 356 3361 utraque
386 3295 465 3360 pars
498 3291 566 3334 uuo
602 3279 735 3334 accentu
774 3269 1129 3356 comprehendebatur,

82 3362 181 3426 aienti
203 3361 310 3424 Latini
335 3368 366 3422 et
390 3380 443 3423 rea
468 3355 609 3442 publica
641 3365 674 3419 et
701 3354 892 3442 respublica
917 3358 1128 3444 scripserunt.

84 3447 136 3512 Ita
154 3447 269 3512 Cicero
294 3443 421 3508 ridetur
444 3441 611 3527 scripsisse
632 3451 789 3506 senatum
810 3440 955 3505 iamiam
977 3442 1129 3508 inclinab-

84 3544 184 3612 tum,
205 3541 238 3594 et
254 3529 408 3618 Virgilius
424 3527 570 3591 iamiam
583 3527 679 3590 ovillo
694 3548 793 3590 mora
815 3537 884 3589 est:
907 3526 963 3590 sed
982 3528 1129 3593 Catullus

86 3619 163 3683 ium
183 3617 256 3681 ium
276 3615 377 3678 dolet.
416 3612 484 3676 Nec
500 3611 641 3674 multum
661 3611 759 3692 abest,
785 3611 864 3696 quin
884 3609 1025 3687 credam,
1047 3613 1131 3681 olim

85 3704 186 3768 etiam
213 3703 371 3788 scriptum
400 3719 467 3762 esse
489 3696 706 3782 iunciamque.
754 3694 793 3759 ld
817 3705 903 3759 certe
928 3709 1062 3787 apparet
1094 3701 1130 3766 in

84 3790 242 3855 varietate
257 3786 439 3873 scripturae
454 3781 541 3870 apud
557 3781 711 3846 Tacitum
727 3783 810 3848 Anu.
829 3788 878 3859 12,
896 3787 950 3849 22.
978 3789 982 3794 ’

172 3906 239 3972 Nec
258 3905 365 3971 differt
381 3902 584 3991 duplicatum
601 3925 618 3966 a
635 3899 774 3988 simplici
797 3901 870 3965 ium
888 3901 953 3967 nisi
965 3892 1131 3989 ¹gravitate

88 4001 125 4056 et
140 3990 344 4056 distinctiora
358 3988 603 4076 significatione.
646 3986 809 4069 Quocirca
832 3987 913 4053 illud
941 4010 1008 4050 non
1031 3989 1066 4055 in
1090 3990 1130 4053 iis

89 4077 260 4144 sententiis
284 4077 396 4143 locum
422 4075 563 4158 invenit,
597 4071 714 4160 quibus
740 4072 899 4160 particula
920 4071 1129 4141 subtiliorem
