2632 4770
203 240 278 333 m
344 276 347 282 ·
704 226 774 319 ng

293 416 345 479 tt.
367 407 541 476 Verba'in
566 429 605 473 eo
630 429 701 473 erce
726 416 764 471 ut
788 402 842 470 vei
868 402 1047 470 adulatum
1068 409 1277 490 referantur,

96 505 102 517 '
207 511 246 566 ut
266 497 449 587 significent
474 495 694 580 aliquemita
730 499 974 579 comparatum
997 514 1087 571 esse,
1119 508 1155 560 ut
1189 510 1278 585 agat,

209 587 301 675 quasi
328 587 491 670 scriptum
519 584 562 644 eii
593 580 631 644 in
655 602 693 642 eo
721 578 815 658 loco,
848 586 905 641 aut
927 587 1059 664 tempus
1086 583 1278 669 indicatur,

207 684 248 739 ut
273 669 495 755 intelligamus
519 666 693 731 hominem
717 685 753 728 se
781 661 1010 751 accingentem
1042 675 1075 728 et
1101 674 1278 757 negotium

209 768 455 844 succepturum.
507 751 652 833 Quando
686 750 876 837 adiungitur
905 750 998 823 iam,
1029 758 1277 841 sententiatim,

180 844 183 850 ’
208 866 327 935 param
344 841 489 906 abfuisse
504 840 585 926 quin
603 837 699 903 fieret
714 857 779 900 res.
824 833 876 900 ef.
892 835 1064 901 Drakenb.
1089 843 1129 905 ad
1153 845 1226 909 Liv.
1245 851 1278 926 2,

148 966 153 973 .
211 933 310 1011 17s5,
334 928 392 1016 qui
409 927 496 991 varia
513 925 661 992 miscet·
687 923 795 988 Varro
820 921 906 986 dixit
929 921 968 988 iu
988 923 1052 988 lioo
1080 939 1149 1011 eat,
1175 942 1213 995 ut
1239 931 1279 997 do

208 1013 460 1103 recomposita.
528 1077 538 1093 κ
904 1032 906 1037 “

324 1132 388 1188 Iria.
404 1131 448 1197 ot,
464 1129 507 1196 19,
521 1128 547 1185 ὃ.
573 1131 668 1184 nonin
683 1147 712 1183 co
730 1145 782 1183 cmc
806 1109 1076 1205 Carthagialcmium‘
1090 1148 1148 1200 res,
1167 1141 1196 1186 ut
1213 1135 1278 1188 Gol-

276 1218 343 1274 liom
360 1225 439 1288 atquc
452 1217 560 1270 ltaliam
573 1216 654 1270 armia
674 1216 820 1270 obtineant.
853 1212 898 1280 33,
914 1211 960 1281 41,
975 1214 1003 1267 9.
1022 1216 1135 1268 collectis
1159 1219 1280 1287 reliquiia

274 1301 422 1374 ‚naufragii
435 1306 516 1373 'ouum
531 1319 573 1355 rea
586 1319 640 1354 non
655 1301 684 1352 in
700 1317 729 1352 aa
746 1307 828 1363 esset,
848 1306 879 1351 ut
898 1301 1009 1369 Cyprum
1024 1308 1140 1355 tentaret.
1160 1300 1186 1369 8,
1197 1303 1242 1369 27,
1254 1303 1279 1357 d.

243 1376 262 1393 '⁵
278 1391 383 1458 iamque
401 1389 429 1440 in
449 1405 480 1442 co
501 1405 556 1459 cam
572 1391 652 1460 sora,
669 1391 699 1438 ut
718 1384 836 1439 Romani
859 1390 907 1437 out
926 1386 1010 1438 tractet
1032 1393 1082 1438 aut
1102 1386 1203 1440 domini
1227 1391 1278 1442 lra-

186 1468 189 1473 ’
280 1476 359 1529 tenti
377 1475 440 1527 cini·
642 1538 646 1552 .
904 1472 921 1513 i'

184 1557 207 1641 ,κ
294 1627 297 1641 ,
324 1574 431 1647 Hygia.
446 1560 516 1628 Fit».
531 1571 593 1626 291.
616 1589 695 1642 quum
717 1571 760 1623 ad.
776 1570 857 1639 Vlyxo
875 1587 924 1639 per
949 1573 1104 1642 nuptiarum
1130 1572 1278 1628 simulatio·

277 1679 338 1715 nem
353 1664 470 1714 adducta
482 1659 626 1733 Iphigenia
639 1658 667 1710 in
682 1674 710 1710 ea
727 1663 789 1709 estet
809 1663 840 1708 ut
855 1657 1051 1720 immolaretur,
1069 1659 1183 1709 numinis
1202 1660 1280 1712 mice-

205 1780 217 1809 ,
282 1747 382 1799 ratione
396 1747 502 1798 mileto
516 1752 560 1798 cet.
596 1741 856 1803 Iurisconsultoruaa
872 1740 956 1794 neoni
969 1741 1139 1795 domonstrat
1154 1744 1279 1796 Heinec·

281 1829 340 1884 oiuc
353 1828 384 1883 in
398 1828 521 1883 Baition.
541 1829 583 1882 Dc
595 1826 672 1880 verb.
689 1824 782 1895 signif.
800 1844 827 1894 p.
846 1823 907 1878 589.
923 1841 949 1880 a.
1035 1844 1038 1847 ·

318 1932 384 1987 Livi
395 1931 439 1996 28,
453 1932 497 1996 22,
506 1930 538 1982 8.
556 1931 580 1984 ci
590 1948 649 1982 rem
663 1930 816 1982 inclinatam
833 1930 949 1982 viderent
963 1935 1041 1995 atquc
1054 1927 1085 1981 in
1100 1945 1129 1979 eo
1145 1928 1200 1980 iam
1216 1948 1282 1996 cmc,

280 2025 311 2075 ut
328 2018 388 2069 urle
404 2024 544 2085 caperetur.
579 2014 606 2079 2,
616 2010 664 2077 ¹17,
679 2010 705 2065 5.
723 2031 803 2082 quam
818 2042 850 2055 -·
872 2015 1108 2078 inminentium,
1128 2022 1156 2066 ut
1173 2015 1203 2065 in
1219 2035 1280 2068 mu·

281 2118 326 2153 roe
341 2101 460 2155 maderet
474 2100 555 2152 milcc.
591 2099 701 2150 Gonnoi.
717 2099 800 2152 Pauo.
816 2099 844 2165 5,
862 2100 888 2152 1.
906 2099 980 2152 Mill.
994 2097 1022 2164 l,
1040 2097 1066 2152 3.
1094 2097 1202 2152 Inutilis
1219 2105 1282 2155 erat

281 2182 445 2252 disputatio,
464 2201 519 2252 qun
535 2182 777 2238 Dmkoaborchiue
797 2185 832 2238 ad
846 2184 865 2237 l
874 2223 884 2253 ,
897 2183 948 2249 35,
964 2183 991 2236 l.
1010 2184 1218 2236 demonstrabat
1240 2203 1282 2238 rec

204 2266 212 2313 ἶ
282 2266 372 2323 omitti
388 2286 478 2338 pomo.
512 2268 565 2321 vbi
589 2267 663 2322 enim
686 2287 804 2339 persona
827 2258 929 2340 postem¹
945 2256 1119 2334 nominatur,
1137 2268 1172 2320 ad
1196 2286 1280 2335 quam

280 2353 341 2422 ipae
360 2359 449 2408 nutus
466 2353 603 2423 pertinet,
631 2370 685 2412 noa
707 2356 789 2410 modo
814 2362 904 2426 potest
925 2346 1093 2409 vocabulum
1118 2373 1159 2407 ree
1181 2355 1283 2422 omitti,

281 2438 331 2494 aed
345 2440 426 2494 debet
443 2438 524 2494 odeo.

329 2541 416 2598 Varro
431 2543 466 2598 dc
480 2544 523 2596 Ro
536 2558 560 2595 r.
575 2538 604 2607 ὃ,
617 2538 644 2606 l,
662 2539 688 2594 2.
706 2559 770 2595 nam
783 2543 813 2596 in
826 2545 873 2600 lto'c
886 2562 955 2601 nuno
969 2551 1022 2611 ert,
1039 2552 1069 2598 ut
1086 2544 1140 2597 dici
1153 2545 1245 2613 poscit.

300 2701 354 2761 22.
376 2696 420 2763 In
439 2696 477 2762 eo
493 2697 569 2762 Ioco
587 2695 684 2758 estin
702 2717 739 2760 ea
757 2697 962 2761 conditione.
1007 2697 1195 2783 Scriptores
1218 2719 1283 2762 usu

218 2780 401 2846 discedunt.
444 2777 741 2848 Drokiinborohius
760 2783 839 2846 vidit
855 2783 986 2846 Livium
1006 2784 1133 2846 duobus
1151 2785 1280 2848 tontum

216 2867 252 2930 in
277 2867 358 2932 locis
383 2868 547 2933 addidisse
574 2867 878 2953 praepositionem,
908 2870 940 2931 in
962 2869 1098 2954 reliquis
1119 2870 1281 2933 omisisse.

217 2952 303 3019 Vide
320 2975 404 3019 eum
421 2953 460 3018 ad
482 2959 513 3033 7,
532 2955 586 3030 35,
603 2955 634 3013 7.
682 2953 796 3016 Graeci
815 2953 999 3040 loquuntur
1023 2957 1055 3019 ἐν
1074 2953 1172 3042 τούτῳ
1194 2952 1282 3020 εἶναι.

219 3039 391 3127 Aristoph.
409 3039 492 3103 Plu.
511 3044 586 3103 399.
611 3031 807 3103 adelovino
823 3037 859 3102 roi
883 3037 1027 3125 πράγματ’
1044 3043 1075 3107 ἐν
1091 3040 1198 3130 τούτῳ.

280 3206 283 3211 .
320 3160 389 3213 cato
408 3158 479 3226 opud
497 3155 612 3224 Quintil.
631 3153 666 3225 9,
680 3157 714 3224 2,
728 3159 772 3210 21.
798 3163 874 3226 cedo,
891 3162 915 3215 ai
938 3179 983 3214 voc
1004 3163 1040 3214 in·
1057 3179 1085 3215 co
1108 3163 1161 3214 laco
1184 3162 1281 3225 oscetin,

286 3244 349 3311 quid
362 3242 436 3294 aliud
445 3245 598 3310 sceleratio?

324 3344 437 3398 Teneai.
457 3348 569 3400 Phorm.
589 3347 617 3414 2,
636 3344 670 3410 4,
691 3342 717 3398 6.
743 3334 851 3412 uidetis,
876 3366 927 3418 quo
948 3351 977 3404 irc
997 3351 1052 3403 loco
1073 3367 1114 3402 reo
1134 3350 1200 3398 laec
1224 3350 1282 3402 ciet.
1311 3399 1315 3409 ,

287 3428 401 3494 3‚1‚tn
419 3432 538 3498 loquere,
565 3436 682 3487 ol'seoro:
701 3450 814 3500 quonam
838 3433 867 3484 in
891 3436 945 3487 loca
969 3443 1032 3487 eant
1053 3452 1093 3487 res
1110 3440 1134 3484 et
1153 3437 1281 3499 fortunae

286 3515 394 3567 moaci,
414 3515 524 3571 Sallust.
534 3517 593 3571 Gal.
607 3510 653 3585 58,
667 3515 692 3570 5.
712 3535 778 3569 inuno
791 3535 850 3570 vero
865 3539 912 3588 quo
928 3522 956 3570 in
971 3522 1023 3570 loco
1038 3535 1078 3568 rec
1090 3524 1200 3571 nostrae
1218 3520 1279 3583 siat,

217 3604 221 3615 “
288 3598 364 3652 iuria
380 3617 480 3652 mecum
501 3621 585 3655 omnes
599 3604 763 3672 intellegitis.
782 3598 829 3655 otii
852 3608 943 3655 tamen
961 3601 1041 3654 multi
1067 3601 1174 3652 codices
1200 3603 1280 3655 omit·

290 3689 351 3736 tunt
371 3685 407 3737 in.
443 3685 522 3738 Caes.
538 3688 611 3745 Bell.
630 3691 697 3759 gall.
713 3680 744 3754 2,
759 3687 803 3740 26.
831 3706 909 3759 quum
926 3705 957 3740 er
980 3688 1092 3755 equitum
1118 3691 1280 3740 ciculanum

227 3837 230 3843 ἡ
282 3774 369 3839 sugo,
385 3788 434 3838 quo
448 3773 475 3823 in
483 3773 545 3829 =loco
564 3791 606 3825 rea
622 3781 686 3828 essct
705 3801 741 3811 -
760 3774 945 3844 cognovissent.
981 3772 1076 3825 Suaeo.
1093 3771 1205 3840 Hippoi.
1222 3771 1265 3826 58.

321 3861 447 3938 Itium,
463 3871 512 3939 14,
529 3858 556 3927 5.
582 3877 652 3945 quod
674 3877 748 3946 ipio,
775 3877 799 3929 m'
820 3877 848 3927 in
870 3876 959 3928 codem
983 3877 1038 3929 laco
1062 3884 1142 3940 esset,
1158 3881 1280 3944 facturae

225 3966 227 3971 '
283 3957 377 4026 fuerit.
401 3957 436 4022 a,
452 3957 496 4026 35,
511 3959 537 4012 7.
557 3962 586 4013 in
603 3980 633 4016 co
651 3964 717 4016 enim
731 3962 786 4014 loco
800 3977 842 4038 ree
865 3967 925 4012 cunt
946 3970 1068 4027 nostrae,
1084 3969 1114 4014 at
1139 3963 1211 4013 volis
1230 3978 1280 4032 cgo

291 4044 379 4115 magio
393 4047 551 4102 necenitotia
565 4054 666 4102 vertrae
679 4046 759 4098 index
773 4062 852 4117 quom
867 4046 969 4131 consilii
984 4054 1075 4102 auctor
1092 4047 1151 4100 tim.
