2632 4770
224 215 267 284 n
693 205 816 315 nisu

225 367 362 438 nomine
390 363 488 432 etiarn
513 358 637 451 duplex
663 361 806 428 ascribi
833 372 990 452 coeptum
1023 375 1073 432 est
1101 366 1277 434 recentiori

116 514 121 520 .
198 526 201 530 Δ
227 467 389 541 tempore,
407 449 897 546 secundum-grammaticorum
916 463 1102 543 praecepta,
1124 463 1161 517 ut
1180 454 1278 520 lruec·

227 566 265 607 ce
285 549 438 605 neutrum
455 559 473 600 a
489 534 651 600 feminino
664 536 767 599 lsaece
784 536 1049 626 distingueretur.
1088 538 1279 628 Inscriptio-

227 650 286 693 nes
305 625 459 709 antiquae
483 632 592 685 autem
615 642 718 684 unam
743 620 872 687 literam
898 623 1074 699 exhibent,
1096 625 1209 690 Irance
1231 625 1277 690 te-

225 734 318 802 gam,
338 711 424 774 hace
441 707 528 794 legs,
545 716 576 770 et
593 716 682 770 recte
698 704 845 792 quidem.
875 709 935 773 Est
949 712 1037 775 enim
1049 709 1126 776 laico
1142 710 1177 774 id
1193 711 1280 798 quod

227 800 265 864 lsi
281 821 337 861 ce:
363 804 395 858 et
411 797 548 879 antiquo
566 801 721 877 temporo
736 793 835 857 etiam
851 793 988 882 pluralia
1009 795 1204 863 dicebantur
1218 797 1279 875 hic,

216 887 314 948 ‘lause
335 901 398 968 pro
429 881 516 953 leue,
538 878 676 942 horunc.
719 877 767 943 Ne
795 899 835 943 ue
863 879 1052 969 discrepant
1079 881 1279 969 antiquiores

228 969 303 1120 lZibri
326 965 457 1063 scripti,
488 962 588 1030 veluti
613 967 649 1029 in
673 962 742 1043 Cic.
766 901 860 1033 lists.
875 969 908 1049 5,
924 970 978 1045 26,
1000 972 1056 1035 62.
1076 968 1136 1033 ubi
1154 970 1279 1034 notant

262 1061 421 1141 umpuus.

331 1171 444 1224 Terent.
467 1167 518 1223 At.
539 1166 574 1233 Ι,
593 1165 627 1233 l,
642 1165 688 1221 Ἡ.
717 1167 804 1223 bisina
832 1169 981 1224 ubertarem
1002 1170 1080 1227 aiant
1098 1173 1215 1241 usqum
1233 1187 1279 1226 ests

295 1254 432 1311 mnibus?

333 1360 413 1427 Quae
428 1354 586 1409 Priscian·
603 1371 631 1423 p.
645 1351 710 1406 stu
731 1357 844 1419 narrat,
861 1352 973 1409 musula
992 1355 1120 1412 videntur
1136 1358 1173 1411 ad
1197 1355 1283 1426 expli·-
1315 1338 1316 1406 l

297 1444 412 1498 candum
427 1440 553 1510 syllabae
568 1440 615 1492 toa
629 1437 854 1506 productionem
879 1439 927 1491 sed
944 1440 1035 1495 addita
1059 1451 1084 1496 et
1100 1443 1139 1496 sic
1160 1443 1192 1496 iu
1216 1443 1277 1497 w

296 1526 423 1596 murinis
443 1525 572 1578 wdisibar
591 1523 718 1576 inmittas
738 1524 777 1575 bis
798 1541 825 1574 ce
848 1525 989 1593 scriptam,
1016 1529 1145 1595 mnodo
1164 1534 1191 1582 st
1213 1526 1277 1597 qd

300 1611 446 1665 ramim
458 1608 488 1661 a
502 1605 618 1660 sarm
636 1607 753 1660 usam
767 1616 804 1661 aa
826 1609 946 1662 massae
968 1618 1016 1664 aas
1033 1611 1217 1665 moues
1246 1596 1289 1669 Δι’

297 1693 467 1755 hirudines,
486 1708 553 1759 qnos
568 1684 772 1760 antiquissimos
790 1691 927 1761 appellat,
945 1694 1131 1749 testimonium
1153 1696 1274 1759 exhibant

299 1778 422 1848 vulgaris
448 1773 647 1828 consuetudinis
669 1775 821 1840 scribendi,
840 1793 909 1848 uun,
924 1784 957 1831 ut
980 1780 1097 1833 fortasse
1118 1780 1184 1834 aliis
1204 1781 1272 1834 vitle-
1292 1834 1297 1841 ,

296 1865 385 1928 bitur,
411 1860 552 1911 doctrinae
576 1859 783 1928 grammaticas.
825 1849 982 1916 Piiscianus
1012 1882 1091 1918 snam
1116 1865 1270 1921 seutentiam

295 1950 395 2002 iterum
417 1944 542 2010 exposuit
567 1961 592 2011 p.
609 1940 670 1995 968.
695 1943 744 1996 ubi
765 1946 812 1998 lace
832 1947 1011 2017 productum,
1035 1950 1083 2004 sed
1102 1967 1154 2020 per
1167 1965 1270 2003 nnuma

298 2031 429 2098 seriptum
445 2028 635 2098 negligentiae
654 2025 759 2081 tribuit

287 2176 290 2180 .
341 2135 421 2186 llaec
439 2139 503 2185 ante
527 2130 639 2199 aliquod
660 2135 767 2199 ternpus
785 2132 892 2201 scripsi.
941 2133 1024 2188 Nune
1040 2133 1122 2188 viduo
1142 2107 1271 2190 Ritternu

296 2218 332 2273 ad
345 2219 458 2272 Terent.
474 2217 557 2271 Andr.
573 2212 598 2280 l,
615 2213 642 2279 5,
655 2216 681 2268 1.
697 2217 731 2268 de
748 2217 909 2272 formatione
925 2222 1091 2290 pronominis
1111 2222 1200 2275 leodac
1219 2219 1270 2274 tis·
1308 2237 1310 2240 ·

294 2302 429 2368 seruisse,
445 2310 473 2355 et
487 2301 526 2355 itu
543 2298 669 2369 quidem,
689 2300 760 2353 utin
776 2304 914 2357 nonnullis
933 2307 1015 2359 raban
1037 2324 1145 2359 mecum
1168 2321 1286 2360 mussa--
1314 2303 1315 2310 ’

296 2372 372 2427 tiret.
406 2373 437 2424 ld
461 2387 526 2423 vero
543 2369 723 2422 veliementer
744 2368 846 2445 miror,
865 2372 934 2440 quoti
957 2375 1041 2441 (licit,
1059 2392 1192 2445 graecum
1214 2367 1271 2442 im

295 2457 383 2511 latine
407 2457 469 2510 llari
491 2457 547 2508 hice
576 2455 635 2506 sive
655 2454 710 2519 sic,
726 2448 775 2523 ἥγε
795 2457 872 2510 buseo
894 2458 955 2511 sire
977 2461 1057 2526 baec,
1075 2455 1122 2528 ὅγε
1138 2462 1199 2515 lroce
1218 2454 1273 2511 sira

295 2544 351 2595 trus.
385 2542 468 2595 Putat
483 2539 569 2610 igitur
583 2557 610 2591 ee
627 2555 685 2591 esse
701 2555 835 2608 graecam
852 2558 890 2611 γε.
927 2541 979 2598 cai
1004 2544 1271 2601 senteutiasnrirer·

295 2641 328 2680 sa
346 2625 499 2692 particulae
516 2632 615 2678 natura
632 2632 777 2695 repugnat.

643 2760 849 2845 HINC.

309 2907 401 2975 Huic
427 2905 655 2994 compositum
677 2914 728 2972 est
760 2927 802 2970 ex
824 2907 899 2971 Isim
923 2919 957 2974 et
981 2932 1019 2976 ce
1044 2917 1269 2989 monstratiro.

226 2995 336 3062 littera
361 2995 453 3060 min
478 3015 501 3056 rr
532 3001 676 3070 mutata,
708 2991 804 3057 sicuti
828 2992 868 3057 fit
885 2995 920 3061 in
941 3019 1042 3064 nunc.
1091 3000 1177 3066 Him
1197 3017 1266 3067 reru

226 3082 443 3159 accusativum
459 3076 527 3141 sire
543 3075 716 3140 accusativi
730 3076 864 3155 altarum
880 3077 1044 3163 formum,
1067 3107 1168 3170 quam
1184 3105 1266 3151 eans-

227 3168 305 3232 dem
332 3167 367 3232 in
390 3167 456 3242 vla,
477 3161 548 3244 μίν,
581 3161 648 3240 im,
676 3159 718 3226 de
747 3183 813 3248 quo
845 3163 958 3231 Festus
990 3168 1156 3255 loquiturg
1186 3181 1218 3236 at
1237 3167 1268 3232 iu

226 3272 342 3340 quem,
370 3271 442 3324 em,
468 3265 590 3326 amem,
611 3247 634 3311 i.
657 3268 686 3310 e.
712 3247 873 3330 eundem,
894 3263 1079 3339 permutata
1096 3256 1199 3322 vocali
1215 3273 1269 3323 ex·

251 3357 375 3401 rossam
399 3330 625 3422 agnoscimus,
648 3353 725 3395 usus
750 3335 848 3399 vertit
870 3333 903 3400 in
928 3340 1101 3404 notionem
1127 3330 1270 3411 adverbii

224 3359 357 3494 baalis,
396 3417 506 3506 quod,
543 3416 631 3482 unde
663 3417 742 3505 quid
773 3433 962 3503 moveatur,
999 3423 1173 3511 significat.
1225 3422 1271 3494 EX

225 3506 472 3591 comparatione
491 3502 668 3590 germanici
691 3503 796 3586 leina,
817 3507 879 3570 liin
903 3507 986 3573 nihil
1015 3511 1126 3598 colligi
1151 3516 1274 3601 potest.

224 3592 288 3656 uisi
305 3590 394 3674 quod
410 3591 518 3655 littera
533 3611 556 3650 n
572 3599 605 3652 et
620 3611 656 3651 m
673 3588 714 3652 ad
729 3591 980 3678 exprimendam
996 3599 1192 3684 notionem,
1213 3619 1278 3666 uu‘

225 3675 266 3740 de
284 3676 360 3762 quid
377 3676 438 3753 sit,
460 3685 536 3761 apta
554 3695 623 3737 esse
638 3673 777 3740 videtur.

306 3760 485 3825 Lambinus
501 3758 540 3824 ad
563 3759 629 3823 Cic.
654 3760 760 3846 Epist.
785 3758 825 3823 ad
846 3761 912 3826 Att.
935 3766 975 3842 4,
993 3769 1046 3830 18.
1072 3768 1163 3839 etad
1181 3767 1282 3837 Fama

223 3847 257 3924 6,
272 3848 326 3909 21.
352 3845 448 3911 docet
469 3847 502 3910 in
526 3845 668 3930 antiquis
698 3842 865 3909 codicibus
886 3849 971 3913 sicut
992 3850 1088 3917 istim
1113 3864 1146 3920 et
1169 3855 1284 3933 iussn.

223 3929 269 4078 {ita
284 3930 383 3995 etiam
405 3932 478 3998 Irim
490 3930 655 4009 inuniri,
676 3930 777 4018 idque
797 3930 959 4019 aliquibus
984 3933 1068 4004 locis
1088 3940 1281 4010 restituen»⁴

248 4036 304 4079 um
326 4038 408 4083 esse.
