2632 4770
442 238 737 321 flAera'orTsn.
1083 276 1103 335 3

27 458 37 483 ,
91 472 95 477 ,
168 405 241 461 Plio.
255 402 344 474 Epist.
360 403 387 469 2,
402 403 500 469 1218.
516 407 741 476 qaae-(umbra),
766 413 796 461 at
818 409 870 462 dies
891 415 968 466 erevit
982 418 1104 474 decrerit-

131 484 200 561 με,
217 492 293 544 aaa&
307 491 423 555 brevior,
432 492 506 542 modo
516 493 620 561 longior
634 488 683 545 ba‘a
695 494 735 544 vel
748 493 809 546 illae
818 495 894 548 eadit.
929 498 1031 553 Tibull.
1046 500 1103 566 4‚1.

135 573 180 628 95.
197 575 270 644 qais,
292 590 389 642 parma
412 591 455 628 eea
475 576 563 628 deaba
580 578 640 629 velit
657 594 701 630 sea
719 566 892 644 leccatoris,
914 581 965 634 sive
986 584 1036 636 bae
1054 587 1104 638 siae

10 688 12 731 Ι
136 659 202 712 illae
219 657 312 712 veniat
334 659 425 730 gravis
444 661 554 728 impetos
574 661 680 726 bastae,
705 663 823 731 amplior.

150 765 183 824 8.
206 760 327 825 Poetae
341 760 407 829 baa
423 795 464 812 -·
481 759 546 823 bac
561 771 691 847 ponunt
705 784 767 849 pro
785 762 906 827 baa-
926 765 1018 848 illac,
1043 771 1104 832 sic-

10 898 12 913 .
62 844 114 909 uli
130 845 247 910 bic-
262 845 317 908 bic
331 855 364 909 et
376 845 506 910 similia.

10 926 13 947 ι
168 963 267 1034 vagit
288 964 355 1018 Aen.
377 963 404 1028 1,
427 962 487 1016 468.
512 980 622 1032 namque
641 966 753 1031 videbat,
774 967 814 1020 ati
834 969 954 1021 bellantes
975 972 1106 1040 Pergama

136 1050 234 1102 circam
248 1049 298 1101 baa
307 1051 437 1119 fugerent
453 1048 542 1112 Graii,
558 1057 685 1116 premeret
699 1050 804 1104 troiana
818 1053 947 1106 iaaeotas:
963 1056 1013 1107 baa
1026 1057 1105 1125 Pbry-

133 1151 192 1203 ges.
227 1133 352 1201 Propert.
367 1132 394 1198 l,
408 1131 434 1196 3,
444 1130 487 1183 13.
507 1138 531 1182 et
544 1133 656 1197 aamnols
669 1133 765 1202 duplici
774 1144 917 1206 correptam
932 1140 1024 1193 ardore
1037 1142 1105 1194 iabe·

133 1224 194 1270 reat
206 1217 256 1269 bae
270 1218 364 1284 Arnas,
380 1218 430 1269 bac
445 1216 539 1277 Liber,
556 1215 637 1267 baras
651 1222 755 1284 aterque
770 1218 839 1271 aleas.

10 1332 13 1367 Ι
150 1318 185 1380 4.
199 1302 330 1397 ¹Dicant
344 1314 479 1402 quidam
500 1316 703 1402 grammatici
724 1318 788 1382 bac
804 1320 902 1384 etiam
924 1312 1106 1410 significare

58 1405 130 1468 hoo
147 1402 273 1478 modo,
294 1400 357 1466 hae
373 1402 514 1465 ratione.
555 1399 592 1465 Id
609 1399 729 1465 falsum
752 1414 809 1467 est.
852 1407 992 1495 Semper
1007 1411 1106 1475 intel.

58 1491 183 1576 ligitur
206 1488 268 1551 via.
312 1484 578 1574 Metaphorieum
599 1506 695 1550 usum
719 1488 812 1553 nullo
836 1495 987 1581 exemplo
1011 1517 1106 1561 oom-

61 1574 249 1661 probatum
266 1571 374 1637 video.

169 1687 500 1757 accessibiliter.
516 1668 774 1756 hierocaesareae,
792 1694 847 1746 alia
860 1696 1045 1764 adgrediemur
1054 1697 1106 1749 aia.
1132 1694 1136 1705 '

172 1794 251 1846 Caes.
265 1794 298 1846 B.
314 1792 368 1845 aiv.
383 1791 408 1858 2,
424 1794 450 1846 2.
475 1793 608 1862 pedalibus
625 1793 706 1861 lignis
725 1795 862 1848 eoaianctis
875 1798 942 1848 inter
955 1800 1105 1864 repertione
1148 1800 1151 1808 “

132 1878 336 1947 integebantar:
354 1883 429 1943 atque
443 1880 492 1930 baa
506 1892 593 1946 agger
608 1877 675 1926 inter
689 1891 782 1927 manae
795 1879 981 1944 proferebatur.
1014 1880 1109 1933 Morus

132 1961 353 2039 interpretatae:
381 1959 577 2024 irroratione,
599 1953 704 2028 vairp:
737 1949 895 2027 obernum,
921 1962 970 2013 sub
992 1960 1107 2029 porticu.

117 2045 268 2100 ‘Neutrum
285 2043 398 2114 probari
415 2049 512 2114 potest.
548 2042 688 2095 Sirenum
705 2047 759 2109 est,
786 2045 857 2112 quod
875 2045 981 2099 codices
997 2047 1108 2110 liabent,

10 2184 12 2189 ,
81 2190 85 2195 ,
135 2129 276 2199 signifieat
294 2116 326 2179 ab
342 2128 393 2180 boa
411 2137 501 2198 parte.-
524 2143 640 2195 quoenm
663 2127 794 2180 consentit
815 2129 929 2180 verbum
944 2129 1109 2196 proferendi.

24 2262 27 2267 .
137 2211 327 2267 Sebeodioes-
347 2219 463 2279 quatuor
479 2213 527 2264 bae
547 2213 686 2279 praebent.
721 2214 802 2265 Certe
822 2212 1016 2287 restituendum
1032 2213 1110 2266 vide·

131 2302 181 2349 tur
197 2296 376 2366 integebatrrm
394 2296 465 2364 quod
480 2303 508 2348 ot
522 2295 594 2347 liber
609 2295 698 2347 Vossii
714 2301 742 2349 et
759 2297 890 2350 editiones
905 2303 971 2350 vett.
988 2303 1108 2349 servant.

137 2378 211 2433 Nem
228 2395 283 2432 nna
305 2385 366 2433 erat
388 2380 524 2449 perticas,
547 2397 598 2432 neo
621 2383 711 2446 potest
736 2381 890 2450 comparari
913 2397 975 2433 usus
996 2380 1111 2450 pluralis

138 2464 242 2528 onae,
260 2464 332 2532 qnod
351 2464 419 2519 fecit
431 2464 550 2519 Vossius.
585 2464 657 2516 Tum
676 2462 786 2519 facilius
808 2465 934 2518 convenit
953 2465 1024 2519 ratio
1046 2481 1111 2532 par-

139 2545 241 2602 ticulae
257 2549 316 2603 baa.

155 2648 187 2712 5.
205 2638 403 2748 Ad'tempus
421 2668 492 2713 non
509 2645 626 2711 referri
649 2647 775 2713 solebat
797 2649 905 2736 ipsum
928 2648 1003 2710 bac.
1047 2645 1111 2710 Sed
1175 2735 1177 2738 ι
1278 2727 1284 2739 ·

86 2730 327 2802 transferebatur
342 2757 377 2800 m
394 2733 557 2816 antebac,
581 2732 620 2797 de
636 2753 701 2818 quo
719 2732 819 2798 Tam.
836 2739 864 2798 1.
886 2756 920 2820 p.
937 2736 1010 2795 898.
1099 2792 1102 2797 .

328 2924 855 3019 HA’CPROPTER.
946 2996 951 3008 .
1046 2968 1050 2983 =

159 3114 286 3181 Nonius
315 3111 488 3180 Marcellus
524 3117 560 3192 1,
593 3111 664 3176 242.
701 3111 858 3175 Varronis
889 3112 986 3177 verba
1018 3110 1112 3177 affert

92 3193 176 3263 haee:
194 3212 295 3265 nocta
316 3196 524 3263 Hannibalis
539 3216 639 3282 qaam
653 3193 783 3284 sagaci
798 3199 979 3261 exercitam
998 3195 1109 3262 Tata-

92 3302 160 3359 nas,
204 3286 266 3350 boa
300 3282 454 3348 Tatanas
489 3281 617 3345 Romae
652 3303 835 3367 nancapor.
897 3280 1111 3368 Hacpropter

92 3387 205 3450 omnes,
229 3369 288 3457 qni
301 3368 484 3447 laborant,
505 3366 673 3431 invocant.
695 3385 802 3452 neque
819 3366 885 3431 ulla
900 3367 990 3432 adest
1015 3388 1111 3430 caus·

91 3471 135 3533 se,
159 3474 214 3519 our
238 3455 279 3518 de
302 3454 485 3539 integritate
516 3451 663 3518 vocabuli
683 3452 886 3537 baopropter
917 3452 1109 3518 dubitemus.

90 3536 282 3605 Accusativus
296 3540 396 3613 enim,
417 3559 517 3623 quem
532 3537 732 3623 praepositio
749 3559 860 3600 seeum
874 3536 949 3619 fert,
968 3539 1001 3600 in
1014 3559 1110 3602 eom-

88 3623 192 3705 positis
216 3635 362 3689 mutatur
384 3625 419 3687 in
450 3622 641 3700 ablativum,
662 3622 760 3686 veluti
785 3622 929 3686 antebac
947 3633 978 3686 et
1002 3645 1110 3709 prae·
1187 3616 1193 3628 ’

87 3715 173 3772 terea
196 3719 229 3773 et
253 3710 366 3774 adlata
391 3708 549 3772 dicuntur.
595 3706 812 3793 Quapropter
835 3730 965 3794 semper
987 3709 1022 3774 in
1050 3728 1111 3771 usu

86 3802 166 3855 erat:
187 3794 393 3881 baapropter
409 3792 579 3857 obsolevit.
623 3793 720 3871 Quod
739 3812 817 3855 vero
834 3793 975 3880 Scaliger
988 3794 1020 3856 in
1031 3793 1112 3858 Vir-

81 3875 137 3960 gil.
150 3878 218 3943 Gal.
232 3885 266 3944 8.
292 3879 421 3966 scripsit
436 3879 639 3963 bocpropter
657 3876 782 3941 Calicis
796 3876 865 3943 siat
880 3879 1036 3944 carmina
1054 3878 1111 3940 eli⁶

80 3972 153 4042 cto,
170 3985 237 4052 pro
261 3965 345 4029 leaeo
362 3973 522 4050 propter,
543 3985 613 4025 non
633 3962 702 4029 sine
726 3964 851 4027 ratione
873 3963 998 4029 factum
1018 3975 1110 4050 puto.

79 4046 162 4115 Nam
175 4050 264 4116 baec
272 4060 416 4136 propter
430 4048 590 4123 annonem
606 4047 641 4113 in
655 4070 690 4114 se
708 4047 806 4173 babet
819 4052 1010 4137 gravitatem
1030 4057 1110 4135 pro-
