2632 4770
195 246 281 329 ?aao
639 210 841 322 iuream.

218 417 333 482 iectae.
385 409 498 498 Quare
520 407 726 473 redeundum
749 408 845 472 nobis
874 407 987 472 estad
1019 409 1160 471 certiora
1190 407 1279 470 indi-

219 503 281 567 cia.
332 497 437 562 Facile
460 496 547 558 enim
585 500 801 592 agnoscemus
832 495 1068 578 cognationem
1100 493 1280 556 vocabuloa

149 607 152 614 '
220 608 297 653 rum
313 586 362 649 im
378 595 409 646 et
426 579 702 680 pronominum,
727 601 791 663 qua
807 577 931 642 lactum
949 589 996 643 est
1022 590 1058 641 ut
1081 580 1222 643 interim
1246 581 1281 644 in

222 675 330 738 vicem
350 669 439 735 verbi
463 666 598 729 interea
621 665 832 729 succederet:
855 686 964 750 neque
987 667 1085 728 etiam
1110 687 1281 752 repugna-

220 760 351 832 bimus,
375 755 403 817 si
421 751 494 839 quis
510 749 592 815 inde
610 763 642 814 et
662 752 711 814 im
728 772 927 837 comparans
951 750 991 813 ad
1016 749 1162 814 formam
1188 751 1280 814 loca-

202 847 322 909 ¹tivam
338 841 353 904 i
367 861 426 902 nos
442 837 661 915 revocaverit,
684 859 744 900 nec
759 837 786 899 si
803 838 884 900 alius
901 837 973 922 quis
997 836 1036 898 ad
1055 839 1279 900 accusativum

221 927 423 1014 respexerit,
453 923 556 986 modo
585 943 628 986 ne
663 933 880 986 accusativum
920 923 1108 1008 appellarit.
1166 924 1279 986 Vnum

142 1064 144 1069 .
224 1014 291 1078 hoc
314 1023 483 1076 teneamus
514 1009 562 1071 im
586 1009 621 1072 in
644 1007 745 1072 verbo
770 1008 921 1072 interim
940 1010 1186 1071 monstrativum
1214 1011 1280 1071 vim

223 1099 358 1178 habere,
381 1117 467 1182 quae
482 1093 597 1157 eadem
615 1094 648 1156 in
666 1094 868 1180 pronomine
887 1105 1034 1186 apparet,
1057 1105 1089 1156 et
1105 1094 1281 1157 inter-im

222 1184 306 1266 dici,
324 1180 514 1269 quodalias
531 1180 711 1244 inter-ea.

289 1299 293 1309 '
323 1299 481 1370 Permirum
504 1297 634 1367 estquod
650 1297 828 1352 Doederlinue
850 1298 961 1368 scripsit
982 1299 1010 1351 in
1033 1299 1184 1368 Synonym.
1203 1298 1239 1349 Τ.
1254 1297 1279 1351 4.

237 1405 240 1409 ’
272 1431 273 1439 ,
291 1403 318 1454 p.
334 1383 395 1437 272.
413 1403 465 1438 nec
483 1386 613 1437 Plautum
633 1375 685 1436 nec
707 1385 779 1437 alios
792 1383 963 1452 'antiquiores
985 1383 1134 1452 scriptores
1149 1401 1279 1451 umquam

215 1492 218 1498 ·
236 1517 239 1521 .
289 1470 390 1523 diriore
408 1471 530 1534 interim,
550 1475 581 1521 ut
599 1468 770 1538 significaret
784 1470 918 1533 inderem,
939 1470 988 1520 'aed
1003 1470 1129 1532 interibi,
1147 1477 1231 1537 atque
1247 1487 1278 1522 ex

220 1544 224 1563 ¹
289 1550 344 1608 ho'c
360 1543 495 1608 iocabuto
511 1570 596 1606 aurea
611 1554 720 1606 demum
738 1560 834 1614 ,aetate
856 1570 905 1620 per
929 1570 1071 1624 apocopen
1092 1555 1196 1606 tactam
1220 1573 1279 1607 erse

289 1641 406 1693 interim.
449 1639 558 1691 Tamen
581 1638 674 1706 paullo
696 1646 758 1706 poet
784 1645 879 1692 namet
898 1641 1041 1708 cognitum
1062 1639 1150 1692 tuisse
1175 1641 1277 1694 Plauto

290 1723 346 1776 hoc
358 1723 544 1789 vocabulum,
564 1722 720 1793 significem
733 1725 872 1776 interdum.

7 1780 75 1896 lull
115 1907 123 1936 r
307 1859 632 1956 Etiamaesignificatio
659 1883 736 1924 oum
764 1859 816 1923 his
841 1859 1002 1947 congruit.
1045 1858 1192 1924 Interim
1215 1883 1278 1947 pro

7 1943 144 2036 meu„
226 1944 368 2010 interec-
386 1939 650 2032 ustitp'attitttt
694 1947 899 2020 uintilianus,
923 1945 952 2008 si
976 1945 1157 2008 Bonnellus
1179 1969 1279 2009 accu-

86 2112 89 2116 .
213 2041 295 2095 'rate
310 2032 378 2094 eius
395 2032 491 2094 verba
515 2032 660 2111 notavit,
683 2017 1044 2127 numqffiiaterea,
1065 2033 1121 2094 sed
1143 2054 1278 2118 semper

7 2088 49 2175 lif
221 2116 472 2197 intessifflixit.
505 2117 604 2180 Vetus
621 2127 731 2180 autem
748 2139 874 2204 opinio,
893 2138 980 2179 nunc
995 2104 1278 2207 etiamffltffipsa-

7 2176 128 2280 alm
201 2182 322 2266 “r'i'in
347 2201 506 2267 Doctrina
534 2202 601 2266 stili
629 2224 663 2288 p.
687 2203 985 2291 534.·proposita,
1016 2224 1080 2287 qua
1112 2205 1277 2282 statuitur,

10 2292 14 2301 '
222 2269 364 2350 inierim
380 2287 545 2366 absolute,
569 2289 702 2352 interea
721 2310 798 2352 cum
813 2289 1101 2353 coniunctionibus
1127 2288 1207 2376 poni
1221 2311 1276 2351 so·

222 2368 310 2450 lere,
335 2371 416 2436 falsa
433 2384 481 2436 est
501 2383 533 2437 et
555 2374 680 2455 inanis‘,
704 2397 830 2460 neque,
855 2397 922 2460 quo
940 2395 1015 2436 casu
1037 2385 1110 2437 orta
1131 2374 1191 2449 sit,
1215 2397 1277 2460 pa-

173 2534 174 2538 *
221 2464 281 2521 tet.
329 2458 480 2522 Fortasse
507 2458 728 2524 observarunt
752 2462 960 2525 Ciceronem,
979 2481 1046 2522 non
1072 2460 1193 2523 dixisse
1219 2459 1276 2523 in-

7 2544 165 2634 srael-⁹2
221 2543 324 2606 terim
352 2543 446 2608 dum.
490 2545 553 2608 Alii
572 2568 851 2633 synonymorum
881 2548 1034 2608 doctores
1059 2569 1127 2608 non
1152 2545 1276 2631 proba-

7 2652 57 2689 m
76 2627 113 2680 lat
134 2621 167 2658 ⁹⁴²
222 2625 339 2693 biliora
356 2629 574 2694 tradiderunt.
617 2632 794 2720 Nvlttssittt
818 2655 848 2717 p.
869 2637 961 2695 1030.-
981 2632 1091 2694 nesoio
1119 2653 1186 2715 quo
1215 2654 1275 2695 au-

7 2703 189 2824 tre-⁹352„
222 2724 315 2779 ctore
331 2714 430 2779 haec:
454 2711 660 2793 „interemi
677 2708 819 2781 esinttir
842 2716 907 2779 hoe
930 2727 1081 2800 tempus,
1109 2728 1183 2779 toto
1209 2717 1274 2780 hoc

7 2771 84 2883 *fl*
219 2803 384 2885 temporis
407 2803 532 2888 spatio,
561 2826 579 2864 a
603 2803 768 2887 principio
794 2823 897 2885 usque
925 2800 965 2865 ad
989 2800 1109 2866 finem:
1133 2802 1275 2867 interim

221 2883 244 2948 i.
263 2907 291 2949 e.
309 2889 392 2950 intra
410 2887 475 2950 hoc
491 2897 640 2971 tempus,
661 2897 844 2971 antequam
861 2885 1002 2949 liniatur.
1047 2887 1198 2950 Absurde
1223 2889 1274 2952 dt-

222 2981 371 3035 ceretur:
397 2971 571 3068 panditur
594 2972 734 3053 interim
756 2971 897 3049 dorius,
932 2973 1068 3033 notione
1097 2971 1178 3050 illa,
1211 2996 1273 3059 qua

200 3090 204 3110 a
220 3056 377 3141 Virgilius
393 3058 426 3119 rd
444 3054 573 3141 profert
592 3056 684 3141 (Aen.
705 3061 753 3132 10,
773 3063 801 3118 1.
814 3055 987 3140 panditur
1001 3056 1134 3119 intereo
1151 3057 1273 3121 doinus

219 3141 462 3227 omnipotentis
492 3139 659 3226 Olympi).
703 3141 863 3205 Similiter
885 3140 1025 3205 absurde
1047 3141 1182 3205 intereo
1206 3145 1274 3208 ali-

218 3223 399 3314 quidfit.“
442 3227 596 3289 Attamen
611 3225 788 3290 Terentius
805 3228 848 3290 ita
864 3225 1023 3312 loquutus
1053 3237 1100 3289 est
1121 3229 1224 3292 Andr.
1241 3237 1271 3311 2,

198 3345 201 3348 ⁴
219 3316 250 3384 1,
269 3311 319 3375 14.
342 3309 697 3405 DoedQffittt.
720 3311 892 3398 distinguit
910 3313 975 3376 hoc
991 3314 1112 3379 modo:
1136 3314 1270 3377 interea

216 3395 280 3457 dici
297 3397 336 3459 de
352 3385 540 3483 r‘eio'ngum
559 3420 620 3484 per
642 3409 773 3484 tempus
799 3410 988 3485 protracta,
1009 3399 1148 3461 interim
1172 3400 1209 3461 de
1230 3422 1265 3461 re

119 3533 125 3552 ,
214 3479 280 3542 cito
300 3492 507 3546 transeunte:
533 3484 614 3547 illud
632 3484 814 3570 siguificare
837 3485 997 3570 temporis
1019 3484 1179 3570 spatium,
1198 3482 1264 3545 hoc

189 3595 198 3603 ·*
213 3568 392 3651 temporis
403 3579 576 3654 punctum.
628 3567 722 3648 Quae
744 3593 848 3656 quum
872 3593 941 3632 non
971 3569 1035 3632 alio
1063 3570 1264 3633 documento

198 3646 405 3730 firmentur,
428 3676 528 3740 quam
548 3655 777 3720 observatione
796 3657 1050 3741 exemplorum,
1081 3656 1266 3718 cavendum

187 3745 279 3815 sest,
313 3760 355 3801 no
380 3740 550 3824 praecipiti
573 3739 706 3805 decreto
733 3742 900 3805 fallamur.
951 3740 1040 3802 Nulli
1065 3743 1151 3804 enim
1185 3763 1266 3803 aevo

209 3835 271 3887 ne'c
290 3825 467 3908 antiquiori
483 3847 544 3887 nec
560 3827 740 3911 posteriori
761 3828 879 3890 desunt
899 3825 1069 3911 exempla,
1090 3828 1123 3889 in
1146 3827 1265 3912 quibus

197 3905 347 3971 iuterim
369 3909 590 3973 de‘contiuua
616 3913 746 3975 actione
769 3923 800 3975 et
823 3913 864 3974 de
891 3935 928 3974 re
955 3933 1023 3973 non
1049 3913 1153 3974 semel
1178 3913 1263 3976 inci-

204 3989 303 4056 dente
321 3994 446 4058 dictum
465 3994 516 4060 sit.
559 3995 630 4058 Nos
653 3997 716 4084 ipsi
740 3997 870 4060 allaturi
892 4018 1005 4058 sumus
1030 4017 1048 4058 e
1072 3997 1178 4061 Plauti
1203 4020 1264 4062 co-

202 4079 362 4160 rnoediiez
384 4081 468 4146 dum
482 4081 655 4168 coquitur,
680 4082 821 4149 interim
830 4080 1051 4170 potabimur.-
1071 4104 1090 4147 e
1111 4083 1198 4150 Livii
1220 4085 1264 4150 li-
