2632 4770
519 168 664 295 nono,
909 294 913 301 ,
1045 236 1116 321 seo.

46 355 49 369 1
65 431 69 437 -
143 397 253 453 menter,
267 393 375 449 maeste,
391 383 507 437 hilariter
521 380 550 434 in
565 398 650 435 omues
664 386 752 450 partes
767 385 976 443 commotam„
983 425 993 452 ‚
1009 394 1041 442 ,ς
1053 407 1110 444 w.

86 546 89 550 ι
143 479 191 540 lm,
211 476 252 528 itu
263 468 505 544 pronuntiationem·

142 615 210 674 '10.
234 610 327 689 Quae
344 607 379 668 in
396 612 548 688 tempore
568 599 655 665 fiunt
678 599 822 678 diverso,
845 600 949 665 vicem
973 615 1111 688 mutent,

77 705 110 760 et
128 695 216 781 quod
233 694 335 756 modo
351 689 521 774 apperuit,
547 696 657 770 postea
673 684 768 749 aliter
786 706 821 748 se
839 685 953 753 habete
990 691 1055 757 Hoc
1070 715 1112 758 ex

78 801 188 844 caussa
210 782 467 863 componuntur?
482 770 658 835 sententiae
689 793 748 856 per
779 769 879 835 moda
904 811 948 821 —
977 774 1112 860 deinde,

79 866 144 929 sive
155 875 289 951 pastea,
312 860 378 922 sive
392 868 475 937 tam,
490 855 547 919 ubi
569 856 724 920 Germani
739 853 852 919 dieunt
869 869 938 920 eret
950 895 994 908 -
1006 860 1115 944 dean,

78 950 144 1017 sive
161 944 290 1020 ciniani
305 980 347 993 -
364 941 470 1006 daun.
515 939 567 1004 Sic
582 938 707 1004 factum
730 949 796 1015 est,
817 950 854 1003 ut
870 942 970 1008 modo
988 982 1023 995 -
1041 959 1116 1012 mm

78 1022 168 1121 apud
183 1029 379 1095 recentiores
394 1026 572 1112 scriptores
590 1044 654 1115 pro
677 1023 778 1086 modo
800 1061 840 1074 -
864 1027 964 1100 modo
989 1030 1115 1098 dicere.

78 1129 145 1182 tur.
198 1114 352 1201 Sequitur
377 1112 475 1177 tertio
507 1109 584 1175 loco
618 1118 791 1194 postrema
819 1109 871 1175 vel
896 1114 1115 1197 postremum,

81 1203 175 1283 Quae
187 1199 295 1265 forma
314 1197 394 1262 odeo
411 1194 451 1260 ed
468 1216 518 1259 res
537 1213 715 1278 earumque
733 1202 839 1278 partes
854 1197 1061 1286 transfertur,
1079 1203 1116 1268 in
1263 1263 1265 1266 ,

106 1287 198 1352 uibus
212 1286 251 1351 ab
268 1281 426 1349 inferiore
442 1290 537 1368 parte
561 1278 601 1344 ad
622 1299 658 1342 su
681 1278 825 1351 ,errorem
848 1277 1042 1359 adscendere
1063 1288 1116 1352 ri·
1224 1315 1226 1320 ·

82 1310 209 1440 gernum
250 1369 371 1434 Plinius
395 1366 496 1432 moda
521 1400 564 1414 -
585 1385 640 1428 rna
667 1386 686 1428 a
710 1362 842 1450 scripsit
864 1376 927 1451 p'ro
951 1371 1052 1436 modo
1073 1407 1117 1427 .-

82 1448 217 1522 deinde.

179 1573 235 1627 (iic.
248 1572 282 1626 tls
296 1573 357 1627 Nat.
371 1570 397 1625 d.
415 1569 441 1635 1,
455 1567 498 1633 12,
512 1566 555 1623 tl.
567 1567 637 1636 facit
659 1564 921 1637 enimlfflanaplron)
941 1569 971 1622 in
988 1568 1037 1639 iis,
1052 1566 1117 1645 qm

147 1679 166 1714 e
179 1661 286 1712 Socrate
301 1659 370 1710 dicto
384 1656 490 1720 retulit,
509 1654 641 1706 Socratem
655 1651 837 1720 disputantem,
846 1653 965 1718 formam
981 1657 1025 1717 dai
1038 1675 1118 1727 pun-

148 1745 173 1795 ri
184 1761 234 1795 non
249 1748 378 1811 oporteret
398 1768 429 1781 -
449 1747 473 1792 et
490 1737 566 1791 moda
580 1753 670 1801 annm,
687 1741 745 1787 tum
757 1742 844 1787 antem.
851 1737 938 1804 plures
950 1739 1017 1792 deos.
1032 1741 1061 1806 2,
1072 1741 1118 1810 4⁰,

150 1826 209 1878 102.
226 1827 309 1878 sol-
326 1826 400 1877 modo
413 1825 549 1885 accedens,
568 1827 623 1872 tam
635 1826 723 1871 antem
741 1820 857 1871 recedens
870 1812 942 1873 deiros
959 1823 988 1874 in
1004 1826 1117 1896 singulis

151 1910 224 1961 annis
237 1910 386 1962 reveniente
400 1909 433 1960 alr
447 1913 556 1958 extrema
572 1898 714 1956 contraries
724 1903 803 1968 sarit.
836 1900 984 1970 1,’13,34.
1002 1917 1026 1964 οι
1041 1913 1116 1975 modo
1186 1930 1187 1934 =

149 1994 289 2077 mundum,
307 2000 361 2044 tam
379 1997 488 2044 mertem
500 1988 678 2041 divinamesse
687 1993 774 2056 putat.
811 1987 836 2050 1,
853 1986 895 2054 l‘o’,
908 1986 951 2042 35.

138 2169 140 2172 y
183 2094 274 2147 Volet.
296 2093 368 2147 lllnx.
384 2092 410 2157 7,
423 2092 448 2157 4,
461 2086 487 2141 5.
512 2074 587 2143 modo
604 2088 650 2142 iras
666 2086 799 2144 adsidebat
818 2097 927 2156 mades,
949 2095 1038 2163 pantio
1059 2103 1118 2166 porr

150 2181 185 2231 ad
202 2180 258 2232 illos
272 2177 521 2246 transgrediebatur.

59 2303 62 2307 ·
88 2338 92 2342 ¹
184 2279 293 2331 Sueten.
312 2278 346 2329 de
367 2278 450 2330 [thet.
472 2275 498 2330 6.
529 2251 692 2328 declamabat
714 2282 799 2329 autem
814 2295 908 2347 genere
927 2281 1019 2335 aanor
1042 2287 1118 2339 moda

149 2362 282 2442 splendide
299 2369 377 2428 utque
393 2362 536 2412 adornater
555 2366 610 2410 tam
625 2385 659 2396 -
677 2358 821 2412 circumcise
834 2379 865 2414 aa
878 2366 987 2418 sordide.

184 2463 274 2519 Tacit.
296 2461 367 2515 Hist.
381 2458 408 2527 4,
423 2458 466 2513 46.
488 2459 561 2513 rrodo
575 2440 748 2524 'Marianum
773 2460 849 2512 mado
868 2465 997 2518 absentem
1017 2471 1118 2537 prinei·-

149 2566 225 2619 pem,
242 2555 398 2625 postremum
411 2546 508 2623 coelam
522 2559 555 2596 aa
568 2542 627 2619 deos
641 2541 768 2621 attestari,
818 2603 821 2610 .

186 2649 276 2703 Tacit.
293 2646 401 2713 Histii,
416 2643 458 2700 85.
480 2644 612 2699 Vitellium
627 2637 897 2713 insertis‘mucraniius
911 2656 1026 2703 eoactum
1043 2655 1118 2709 modo

151 2735 251 2804 erigere
266 2751 293 2784 as
308 2739 332 2784 et
348 2734 446 2800 afferre
459 2730 631 2794 cantuaritis,
648 2745 717 2779 nanc
732 2728 852 2807 cadentes
865 2736 964 2784 statuar
976 2751 1044 2803 enas,
1058 2739 1119 2806 plo-

80 2834 82 2843 *
151 2835 255 2884 rumque
269 2822 352 2869 rostra
366 2826 414 2868 aut
430 2814 531 2869 Gallae
547 2813 622 2869 orani
644 2813 726 2864 laeum
743 2813 862 2876 contueri,
873 2823 1001 2882 postremo
1016 2822 1052 2874 ad
1067 2823 1120 2878 (ie-
1187 2842 1190 2846 ’

151 2903 265 2967 manias,
281 2901 326 2953 ali
341 2916 431 2970 eorpus
443 2898 531 2953 Mucii
543 2894 636 2951 Sabini
649 2896 780 2963 iacuerat,
794 2897 938 2967 propalare.
1028 2918 1030 2923 ·

187 3002 296 3056 Sallust.
310 3003 372 3072 lug.
389 3000 474 3069 93,-4.
495 3007 520 3056 et
529 3004 601 3071 sorte
614 2999 642 3050 in
663 3015 692 3051 eo
711 2999 765 3051 laao
786 2999 898 3068 grandis
920 3003 970 3054 iter
991 3006 1120 3062 coaluerat

151 3085 217 3140 inter
234 3104 298 3138 rara
311 3089 427 3156 paullum
440 3087 513 3140 modo
525 3100 628 3157 prona,
642 3082 734 3136 deinde
745 3085 818 3150 flexa
827 3134 830 3140 ,
839 3091 916 3152 atque
931 3095 1012 3141 aneto
1027 3091 1057 3141 in
1075 3093 1120 3145 nl.

152 3170 294 3229 titudinem,
313 3189 361 3238 qno
378 3179 469 3225 anneta
483 3167 648 3240 gignentium
660 3175 759 3232 natura
768 3168 839 3237 ferte
858 3171 931 3222 auius
943 3174 1023 3225 ramis
1035 3176 1119 3245 mado,

153 3253 227 3304 moda
242 3253 405 3306 eminentibus
418 3255 486 3308 saris
500 3254 569 3307 nisus
584 3252 666 3320 Ligus
681 3250 710 3302 in
724 3250 820 3304 castelli
830 3254 966 3321 planitiem
977 3260 1102 3325 pervenit.

58 3424 60 3429 ,
187 3353 258 3404 Plin.
273 3338 345 3408 Hist·
365 3373 391 3407 n.
405 3355 448 3420 35,
461 3354 503 3420 10,
517 3355 560 3420 36,
575 3353 618 3407 12.
635 3371 667 3423 ne
688 3354 795 3405 dilectae
817 3356 917 3422 quidem
938 3367 1052 3427 respectu
1066 3379 1120 3416 rno-

153 3443 211 3499 tns,
230 3445 260 3490 ut
275 3455 338 3504 puae
352 3442 426 3493 modo
440 3441 509 3509 regis
516 3441 627 3508 suisset,
645 3437 719 3490 moda
729 3437 835 3506 pictoris
849 3447 920 3493 estet.
934 3439 955 3493 i.
971 3458 994 3496 a.
1011 3453 1062 3500 era
1075 3448 1120 3502 der

151 3522 254 3592 Kinigs
267 3549 301 3558 -
321 3523 391 3585 dana
407 3525 451 3576 des
466 3525 562 3576 Meiere
579 3523 694 3574 Gelielrte.

173 3679 221 3736 11.
242 3672 390 3737 Liberior
405 3685 453 3738 est
468 3672 676 3823 comyositio,
699 3671 828 3756 quando
845 3671 879 3736 in
894 3676 996 3743 sltero
1011 3702 1118 3746 mem-

88 3757 148 3821 bro
170 3759 279 3822 locum
306 3761 528 3826 vocabultmo

88 3844 339 3911 vicissitudinem
359 3844 526 3932 significat.

120 4030 123 4039 Ι
200 3963 255 4017 cic.
271 3964 305 4015 dc
323 3965 486 4034 [roff-217,
501 3963 543 4018 lt
559 3964 621 4034 quid
640 3968 757 4031 egerent,
778 3968 852 4029 moda
864 3968 992 4023 timentes:
1010 3969 1120 4022 uicissim

155 4054 333 4105 concurrentes
344 4051 487 4122 religionis.
502 4049 522 4104 i.
539 4067 564 4104 e.
580 4046 648 4105 aliur
661 4057 761 4103 contro
776 4105 786 4119 ,-
795 4052 906 4107 lustrem
925 4053 1000 4107 moda
1015 4078 1049 4092 -
1065 4070 1121 4108 mo-

554 3783 573 3823 o
597 3757 683 3823 eliud
703 3777 826 3821 nornen
849 3776 1007 3853 occupet,
1029 3767 1119 3854 quod
