2632 4770
898 218 913 247 s
990 212 993 219 .

191 266 269 340 'iao
365 324 372 341 x
618 346 622 353 ¹
658 225 806 356 masa.

203 426 311 495 libros
333 419 531 488 translatum
557 441 639 486 esse.
700 421 755 486 Sic
782 420 994 506 compositae
1023 423 1116 490 inter
1141 447 1180 490 ae
1204 450 1267 504 res,

204 508 362 600 conferre
393 508 484 572 inter
507 530 561 586 se,
600 508 671 571 alia.
728 508 798 572 Nec
831 507 958 571 diversa
992 531 1106 575 caussa
1138 514 1269 580 videtur

88 592 92 599 ’
203 598 308 666 fuisse
324 616 436 661 earum
452 594 656 670 dictionum,
682 614 767 678 quae
787 592 1011 677 discedentes,
1034 596 1268 686 disceptantes,

206 684 386 774 partientes
403 679 521 743 additis
541 679 604 744 iltis
622 679 729 744 verbis
754 680 939 766 designant.

313 800 429 870 Quintil.
445 799 471 864 9,
487 798 514 864 4,
529 800 572 853 33.
590 801 729 854 commissis
744 802 815 854 inter
827 820 854 855 se
868 802 950 854 verbis
964 800 1072 854 ducias.
1108 800 1161 868 11,
1178 804 1211 868 3,
1227 803 1268 859 35.

272 889 373 942 nitatur
388 887 465 938 etiam
482 886 616 937 duriorum
637 886 705 938 inter
725 903 752 939 se
772 904 934 956 congressus.
977 885 1090 975 Sallust.
1106 887 1170 958 lug.
1186 887 1232 951 66,
1246 890 1280 942 in

274 972 422 1042 compositis
436 973 503 1023 inter
516 988 544 1022 se
564 971 647 1023 retas.

309 1075 369 1129 cte.
392 1091 418 1142 p.
434 1075 516 1126 Rosc.
530 1074 608 1126 Cam.
631 1072 665 1136 Ἰ,
678 1071 721 1125 29.
746 1090 790 1125 oro
807 1080 884 1141 utque
906 1075 1009 1127 oiseero
1030 1092 1091 1140 aas,
1118 1076 1269 1142 quinariis,

274 1162 356 1214 oitnns
372 1161 439 1212 inter
454 1177 481 1212 se
494 1161 627 1228 utriusque
640 1163 762 1226 conserte.
798 1159 943 1211 calamati.
964 1159 990 1224 5,
1007 1159 1050 1223 lt,
1066 1158 1093 1213 7.
1115 1169 1222 1227 curato,
1241 1181 1270 1216 ne

275 1249 345 1300 inter
360 1263 414 1298 rese
428 1245 591 1314 contingant.
627 1240 714 1296 Varro
733 1243 768 1295 dc
789 1245 824 1305 R.
844 1261 868 1298 r.
882 1243 909 1310 2,
924 1243 951 1312 3,
967 1245 994 1299 Β.
1018 1247 1086 1300 inter
1103 1264 1130 1300 se
1152 1250 1271 1301 comitas

274 1337 411 1403 pugnant.
960 1373 962 1377 ,

312 1432 413 1504 virgil.
428 1433 480 1486 Ge.
494 1432 529 1497 1,
543 1431 604 1485 413.
624 1428 721 1497 (carri)
740 1429 809 1483 inter
825 1449 851 1484 se
867 1431 945 1499 soliis
965 1433 1117 1501 strepitant.
1160 1432 1270 1486 Iahnius

276 1525 305 1574 et
327 1521 483 1589 Wagnernr
504 1517 684 1571 restituerunt
709 1515 833 1568 codicum
859 1517 1027 1585 scripturam
1052 1520 1081 1570 in
1098 1519 1195 1586 saliis:
1226 1519 1271 1570 hie

276 1621 346 1657 vcra
362 1620 424 1656 eam
440 1604 475 1655 ob
491 1619 633 1665 caussam,
656 1602 729 1670 quad
743 1603 829 1654 verba
843 1604 922 1669 soliis
938 1604 1077 1671 strepitant
1094 1620 1148 1654 nou
1170 1606 1275 1656 convc·'

277 1691 370 1744 niseni
385 1706 447 1741 cnm
462 1686 556 1739 verbis
570 1689 636 1739 inter
653 1705 690 1739 ee.
726 1687 762 1740 nt
777 1686 823 1755 qui
840 1687 913 1740 inter
929 1687 1000 1741 felia
1017 1688 1179 1756 strepitant,
1200 1695 1270 1741 stre-

204 1788 218 1807 '·
278 1776 369 1846 pitant
384 1773 469 1841 ctiam
488 1772 563 1824 iuliis
579 1770 669 1825 motis.
706 1772 762 1825 Sed
784 1773 855 1824 inter
878 1791 904 1825 se
920 1772 1059 1841 significat
1080 1780 1272 1842 congregatas.

181 1862 184 1869 '
281 1860 367 1913 Corvi
392 1858 480 1929 igitur
506 1857 579 1910 inter
602 1874 633 1909 sc
654 1858 801 1911 convolant
831 1863 860 1912 et
886 1857 1032 1927 strepitant
1055 1857 1131 1911 iuliis
1160 1858 1221 1911 sive
1244 1860 1272 1913 ia

195 1960 216 2011 ,¹
260 1934 366 1998 ¹foliis.

315 2046 377 2114 Lis.
391 2044 417 2110 2,
433 2043 458 2110 6,
472 2043 499 2096 3.
520 2062 561 2098 eos
575 2045 645 2097 inter
660 2061 701 2106 se,
723 2041 785 2110 quia
806 2058 881 2096 neme
903 2045 1052 2098 arassetis
1067 2046 1176 2116 dignm
1188 2064 1268 2119 regno

279 2132 351 2185 visae
365 2137 414 2194 nt,
429 2138 518 2200 partes
531 2130 611 2198 regni
627 2129 754 2198 rapuisse.

295 2255 348 2319 25.
373 2250 438 2318 Sed
458 2252 539 2317 adeo
564 2252 603 2317 iis
622 2250 943 2316 nominibusLatIni
965 2250 1092 2330 addunt
1103 2253 1273 2336 intense,

155 2401 159 2407 .
211 2359 296 2428 quae
322 2342 529 2427 propinquas
559 2362 611 2404 res
647 2350 677 2405 et
709 2338 923 2403 cohaerentes
955 2347 987 2402 et
1021 2322 1274 2406 similitudinem

211 2424 421 2513 significant,
447 2437 479 2489 ct
496 2428 553 2505 iis,
576 2447 660 2512 quae
677 2425 864 2490 distantiam
884 2434 940 2488 aut
957 2448 1027 2488 rem
1045 2425 1084 2488 ab
1103 2425 1164 2490 alia
1182 2452 1276 2493 rece·

212 2511 349 2577 dentem
365 2512 744 2593 veidiversam'notant.
789 2511 947 2577 Germani
971 2511 1083 2574 dicunt
1106 2513 1276 2580 einander

131 2612 134 2617 “
212 2599 322 2678 malie,
344 2623 414 2663 von
430 2599 609 2664 einander.

317 2719 431 2772 Sallust.
447 2721 559 2790 Fragm.
583 2719 636 2770 ine.
651 2718 676 2769 2.
695 2716 765 2782 apud
784 2713 938 2780 Non.s,1.
956 2715 1022 2766 alnas
1045 2716 1144 2768 insutas
1167 2721 1277 2790 propin-

205 2878 209 2891 Ι
282 2821 348 2873 qaas
365 2807 431 2858 inter
447 2823 483 2858 se.
516 2805 577 2872 lug.
597 2801 648 2867 98,
670 2800 696 2852 3.
723 2800 828 2852 Marias
844 2826 879 2838 -
899 2799 969 2850 collis
984 2801 1143 2868 propinquas
1163 2804 1238 2858 inter
1254 2823 1278 2859 se

188 2896 191 2903 '
283 2897 403 2959 occupat.

319 2991 435 3059 Quintil.
448 2991 474 3055 9,
493 2979 528 3053 2,*
538 2985 581 3040 51.
598 3004 651 3038 nan
662 2986 753 3056 pracsd
769 2984 861 3037 alsant
877 2985 910 3037 cl
930 2984 979 3038 lrac
993 2983 1157 3038 simulatione
1178 3007 1226 3044 res
1242 2995 1279 3047 in.

260 3119 263 3125 .
283 3083 325 3131 isr
342 3095 368 3130 se
385 3076 488 3128 similes.
1005 3078 1009 3085 ¹

318 3178 428 3230 Sallust.
443 3177 503 3244 ing.
520 3171 562 3239 53,
579 3170 605 3224 7.
621 3178 756 3241 postquam
771 3173 843 3224 troad
852 3173 942 3242 procul
957 3171 1026 3247 inter
1038 3188 1065 3223 se
1079 3179 1164 3226 mant.
1193 3175 1240 3246 55,
1254 3179 1279 3234 6,

283 3263 382 3316 dnobus
397 3261 458 3311 loeis
476 3259 550 3312 hond
563 3259 641 3327 longe
656 3258 722 3310 inter
736 3275 763 3310 se
781 3265 870 3310 eastra
882 3259 1030 3324 faciebant.

319 3361 435 3431 Quintil.
449 3360 476 3427 9,
489 3359 517 3426 4,
532 3359 575 3414 li.
596 3379 754 3430 quamquam
776 3368 800 3415 et
821 3362 842 3414 ii
857 3362 907 3431 ipsi
925 3362 993 3412 inter
1013 3377 1040 3412 se
1061 3360 1198 3415 dissimiles
1212 3371 1275 3432 sae·
1298 3366 1300 3371 ’

283 3456 355 3501 rant.
390 3447 504 3500 Sallust.
527 3446 586 3499 (lat.
600 3444 627 3510 5,
643 3444 670 3498 8.
688 3464 786 3511 mores,
804 3463 866 3514 qaas
885 3463 1006 3515 pessuma
1028 3463 1058 3496 cc
1079 3448 1184 3498 diuerso
1204 3450 1272 3499 inter

283 3551 311 3587 se
325 3533 414 3596 mala,
439 3532 545 3584 lanaria
561 3538 639 3598 atque
662 3530 779 3584 avaritia
797 3532 938 3583 caratoni.
982 3529 1159 3595 Quintilli),
1181 3531 1219 3596 2,
1230 3530 1273 3588 33.

282 3637 363 3690 qaam
378 3620 412 3672 sit
424 3618 528 3670 diversa
543 3634 595 3668 nan
613 3612 764 3675 caussarum
782 3617 856 3668 meda
870 3617 937 3667 inter
953 3614 1025 3684 ipsas
1044 3617 1156 3668 conditio
1172 3624 1226 3670 etc.

205 3744 209 3751 ¹
299 3757 353 3822 25.
376 3755 504 3834 Dictio,
527 3773 611 3839 quae
629 3750 719 3836 apud
740 3772 856 3815 omnes
873 3749 943 3814 fere
959 3752 1110 3815 nationes
1133 3753 1166 3814 iu
1191 3774 1279 3838 pro-

216 3841 367 3921 verbium
395 3843 499 3915 venit,
533 3850 566 3904 et
588 3837 712 3902 Latinis
737 3839 854 3901 usitata
884 3848 971 3915 erat,
1002 3836 1171 3900 familiaris
1203 3861 1278 3902 ser-

218 3930 329 3995 monis
345 3939 510 3993 secretum
531 3924 582 3990 vel
600 3922 737 3988 liberam
757 3920 1002 4008 professionem
1020 3924 1162 3986 indicat:
1186 3923 1281 3990 inter

218 4039 298 4096 nos,
323 4026 423 4081 tenter
446 4035 529 4091 ans,
559 4022 654 4073 entre
675 4028 770 4071 noas.
823 4007 957 4072 Plenam
987 4010 1184 4073 sententiam
1217 4031 1280 4073 ex-

218 4102 339 4192 pressit
353 4099 530 4166 Terentius
545 4095 607 4162 Ad.
624 4095 656 4181 ss,
671 4098 704 4170 3,
721 4097 773 4157 10.
795 4091 926 4158 dictam
938 4095 1001 4160 doc
1015 4096 1106 4160 inter
1121 4117 1184 4159 nos
1197 4093 1292 4181 sirit.⁸
