2632 4770
210 200 275 264 aaa
398 233 402 239 -
711 183 849 259 ΙΝ..

216 359 251 415 et
271 351 311 413 in
331 345 489 410 bestent-
520 337 638 425 Virgil.
656 339 736 402 Aen.
762 339 802 416 6,
826 339 902 405 206.
924 335 1031 402 Tacit.
1056 339 1142 402 Anu.
1170 345 1209 417 1,
1233 344 1279 404 67.

190 477 193 483 ,
217 438 374 501 Ceterum
400 438 537 517 poetae,
566 437 603 490 ut
633 425 667 487 in
693 422 915 487 describendis
946 423 1045 487 rebus
1075 426 1279 512 principium

216 519 319 589 simul
353 539 429 580 eum
460 513 552 579 exitu
586 508 894 596 comprehendant,
934 531 1141 595 componere
1172 513 1280 576 solent

217 603 338 684 verbu,
358 624 440 688 quae
453 622 496 664 ‚ex
512 600 546 676 in
562 618 596 660 se
617 597 760 672 habent,
784 607 860 668 eum
876 595 1067 667 nominibus
1089 619 1148 682 per
1164 598 1203 661 in
1227 599 1280 662 ad·

221 689 416 785 iungendis:
442 682 672 770 quaelibrarii
690 703 787 766 saepe
806 680 845 744 ad
870 681 1040 766 aequalem
1057 681 1207 747 formam
1230 708 1282 748 re-

221 783 397 845 vocarunt.
441 769 525 836 Vide
539 771 693 834 Cortium
710 765 750 830 ad
766 767 891 831 Lucan.
916 771 1059 854 31600,
1083 769 1139 855 qui
1166 791 1282 856 graeca
1315 839 1316 846 ἵ

203 868 411 949 ,comparat
777 896 781 904 ·
885 917 886 920 ,

325 978 428 1033 Lucan.
441 971 469 1040 4,
483 971 545 1026 ott.
561 974 591 1025 ta
601 975 683 1040 sessor
696 979 769 1026 artur
782 975 908 1044 egeritur.
940 971 976 1038 θ’,
990 971 1051 1026 270.
1068 970 1103 1035 4,
1118 927 1180 1027 tta.
1199 975 1284 1029 emisit

204 1064 213 1089 '¹
293 1066 324 1120 ia
339 1078 444 1134 agarem
462 1057 511 1111 ubi
527 1057 639 1128 quidum
653 1057 720 1110 libri
736 1058 851 1112 immisit.

185 1242 188 1249 .
221 1244 224 1249 r
312 1191 364 1254 10.
385 1184 505 1250 Poetae
529 1174 801 1268 quum‘animare
820 1180 1008 1244 orationem
1033 1199 1125 1244 suam
1145 1179 1283 1257 soleant,

173 1335 179 1345 ,
227 1297 286 1356 ea,
309 1256 524 1362 quaeffi
542 1266 653 1352 quieta
670 1264 805 1329 etfaetu
823 1264 1091 1352 conspiciuntur,
1114 1266 1171 1330 sed
1190 1279 1284 1332 motu

228 1371 262 1428 et
276 1357 453 1446 agitatione
475 1352 654 1431 exsistunt,
675 1350 719 1416 ita
741 1374 795 1415 sae
823 1349 1070 1439 edescribunt,
1091 1362 1128 1413 ut
1149 1349 1221 1416 fieri
1248 1377 1283 1417 ea

228 1446 397 1513 rideamus
420 1440 562 1524 ideoque
586 1434 887 1524 inniaetngtlit·
942 1431 1059 1524 dtque¹
1077 1435 1159 1501 adeo
1188 1440 1284 1502 verba

212 1554 308 1599 ¹curn
323 1526 507 1594 acerrsativo
528 1533 783 1603 construuntur,
807 1522 925 1620 quibus
943 1523 1014 1608 ipse
1030 1544 1099 1587 non
1117 1527 1212 1610 uptus
1233 1527 1282 1589 vi·

230 1617 340 1684 detur.
390 1612 428 1677 ld
452 1611 535 1674 bene
556 1609 657 1672 sensit
681 1610 888 1683 Gronovius,
925 1629 1001 1699 neo
1017 1616 1128 1672 tamen
1156 1610 1283 1674 idoneis

133 1749 137 1754 1
230 1699 393 1851 exemElis
417 1695 647 1794 comprobavit
675 1696 710 1759 in
734 1693 877 1761 Diatrib.
902 1716 937 1782 p.
960 1697 1036 1758 666.
1062 1693 1163 1782 (520.)
1196 1707 1230 1760 et
1250 1697 1283 1761 in

168 1838 170 1843 ,
228 1789 331 1857 Eleae
359 1782 560 1850 .Antidratr.
584 1804 619 1868 p.
637 1783 712 1846 165.
729 1779 841 1868 (285.).

342 1904 414 1960 stat.
428 1903 519 1958 Theb.
535 1900 562 1967 7,
577 1899 637 1952 669.
652 1902 682 1953 in
695 1868 941 1972 tergaeomut'rter.
964 1895 1025 1952 517.
1052 1898 1138 1967 religa
1152 1905 1245 1966 eaptus
1260 1901 1285 1950 ia

298 1999 379 2061 terga
392 2004 499 2042 sorores.
533 1986 559 2051 6,
576 1986 637 2038 611.
656 1988 757 2055 lotape
773 1987 897 2054 intergra
918 1986 1023 2038 sotatur.
1059 1985 1162 2036 Lucan.
1176 1983 1210 2049 5,
1227 1983 1285 2037 142.

298 2076 380 2130 eritrea
394 2075 513 2141 intergra
527 2073 632 2124 solutos.
668 2071 719 2155 01..
731 2068 906 2139 Oudendorp.
922 2069 956 2124 ad
969 2069 996 2134 6,
1006 2066 1071 2122 666.

344 2175 415 2227 seat.
428 2172 518 2250 Theb.
537 2170 564 2237 5,
577 2171 605 2237 6,
622 2171 665 2225 68.
689 2174 718 2223 ia
735 2174 868 2226 ardentem
886 2200 921 2216 -
935 2169 1067 2227 morilura
1088 2173 1231 2225 maritum:
1251 2173 1285 2224 de

226 2256 229 2261 ’
299 2257 428 2313 marein
443 2274 542 2327 rogum
557 2257 651 2312 mariti
664 2274 692 2310 re
709 2256 836 2310 iaciente.
887 2274 889 2279 ⁸
936 2288 944 2311 a

283 2381 287 2391 ¹·
343 2360 446 2414 nucea.
461 2361 487 2426 3,
503 2358 563 2413 572.
584 2377 661 2412 eruor
675 2361 789 2414 attusia
804 2364 888 2414 undar
905 2369 1020 2432 spumat.
1055 2363 1240 2413 correxerunt
1256 2337 1285 2413 iu

297 2447 384 2500 undis.
417 2444 532 2512 6,190.
560 2445 682 2497 adriacas
703 2462 825 2514 murnum
845 2448 976 2514 Abryrdor
999 2449 1028 2500 in
1051 2449 1145 2499 undar.
1185 2447 1285 2516 virgil.

300 2531 369 2584 Aen.
377 2529 403 2597 7,
411 2529 439 2583 6.
456 2530 596 2600 adspirant
616 2547 699 2581 aurae
712 2532 740 2579 in
750 2538 849 2582 noctem
868 2531 896 2581 h.
906 2547 930 2582 e.
946 2532 983 2584 rie
998 2533 1121 2584 webeain
1136 2533 1178 2585 die
1188 2535 1283 2587 Nnclrt.

298 2614 342 2669 cf.
353 2614 466 2669 'Cottius
481 2616 517 2668 ad
530 2614 633 2667 bucon.
648 2613 674 2679 3,
690 2611 750 2668 672.

197 2801 198 2804 ,
316 2741 368 2801 11.
394 2736 499 2802 Verba
541 2736 683 2817 onendi,
707 2735 889 2802 collocandi
906 2758 1007 2824 quum
1028 2748 1202 2823 utramque
1225 2762 1282 2802 ra-

200 2889 203 2896 ,
231 2821 367 2887 tionem*
381 2821 548 2888 ablativio
579 2809 970 2903 accusaauffiluant,
992 2833 1090 2908 atque
1112 2826 1217 2896 loeus,
1243 2827 1279 2886 in

144 2958 148 2962 .
232 2928 300 2994 quo
318 2906 397 2994 quid
414 2918 576 2995 ponatur,
602 2917 634 2972 et
650 2909 763 2988 loeus,
784 2909 818 2972 in
836 2930 935 2997 quem
953 2912 1032 2994 quid
1053 2910 1275 2983 constituatur,

230 3003 320 3059 recte
336 2994 401 3058 dici
419 2995 540 3079 possit,
562 3014 639 3063 usus
657 2994 843 3058 eommunis
862 3005 894 3058 et
909 2992 1117 3078 quorundam
1135 2997 1276 3076 scripto-

230 3079 503 3166 rumsingularis
529 3066 734 3165 oonsdelndo
767 3080 837 3160 aljis
869 3081 1109 3166 gerbis—aliam,
1131 3078 1280 3145 attribuit

139 3194 145 3199 ·
231 3166 535 3247 construgngtiom,
564 3186 673 3252 neque
697 3163 823 3231 veteres
846 3165 1060 3232 subtilitatem
1087 3190 1159 3231 earn
1183 3164 1280 3229 adhi-

228 3243 368 3328 bebant,
393 3246 494 3336 quani
508 3251 814 3338 oritioi÷supponere
830 3252 950 3320 solent.
994 3253 1143 3317 Kritzius
1155 3253 1189 3313 in
1206 3273 1281 3314 ver-

63 3372 66 3387 ·
128 3339 139 3402 ,‘
227 3333 279 3398 bis
299 3334 431 3400 Sallust.
449 3337 520 3424 Ing.
540 3341 590 3418 17,
607 3339 639 3400 4.
652 3338 691 3400 in
709 3337 876 3402 divisione
891 3337 982 3402 orbis
999 3351 1112 3402 terrae
1123 3336 1280 3420 plerique

226 3419 265 3484 in
274 3431 416 3505 partem
428 3424 569 3496 tertiam
585 3419 746 3510 Africum
762 3446 920 3510 posuere.
944 3426 991 3489 ita
1012 3421 1200 3501 distinguit:
1227 3444 1280 3484 ac-

227 3506 374 3568 eusativo
393 3507 649 3594 casusignifieari
666 3530 785 3573 eorum
795 3509 971 3586 rationem,
990 3508 1045 3591 qui
1060 3525 1128 3566 non
1146 3518 1281 3592 accepta

225 3586 267 3654 ab
284 3589 354 3653 aliis
377 3593 541 3678 tripartita
566 3593 726 3667 divisione
751 3596 813 3681 ipsi
837 3594 938 3682 primi
958 3602 1023 3653 tres
1049 3600 1158 3675 partes
1187 3593 1279 3655 orbis

224 3683 333 3740 terrae
347 3677 468 3743 faciant
487 3701 522 3742 ac
537 3680 653 3744 tertiae
672 3679 817 3746 Africam
843 3679 1025 3763 assignent:
1050 3675 1192 3739 ablativo
1213 3700 1280 3759 po-

222 3760 288 3825 sito
307 3783 363 3827 eos
378 3762 609 3851 intelligendos
627 3785 708 3846 ease,
734 3765 791 3851 qui
807 3763 925 3826 factam
947 3762 1013 3824 iam
1031 3760 1071 3824 ab
1096 3761 1165 3824 aliis
1191 3763 1278 3826 divi-

223 3846 353 3912 sionem
378 3861 569 3934 sequantur.
613 3850 702 3916 Haeo
723 3846 976 3919 nimisisubtilia
999 3858 1080 3932 puto
1103 3870 1164 3910 nee
1191 3870 1278 3912 vera.

221 3929 341 3996 Omnis
357 3931 437 3997 haec
450 3957 502 3998 res
523 3937 564 4000 ad
582 3933 799 4014 usumredit,
822 3952 925 4017 aquo
945 3933 1137 3998 Sallustium
1164 3955 1275 3997 reces-

46 4104 52 4110 .
74 4095 79 4106 ι
218 4015 298 4082 sisse
313 4017 349 4087 in
365 4015 432 4084 hoo
451 4039 519 4086 nno
533 4020 702 4091 loeo-non
724 4029 775 4091 nst
792 4016 959 4111 credibile·
1002 4019 1194 4108 Augustini,
1220 4021 1277 4106 qui

602 4182 605 4187 ·
645 4181 658 4215 r
