2632 4770
228 269 293 334 su
682 200 805 323 irin.

296 417 362 471 taur
377 414 460 479 mam
474 412 502 466 tu
515 426 618 483 graeca
629 409 726 480 lingna
741 405 771 464 el
786 413 814 462 et
829 401 862 462 tl
876 421 1047 460 commanem
1067 406 1176 461 habent
1192 411 1283 461 nata·

294 518 356 556 ram
375 496 626 553 demonstrativam.
658 495 746 549 Nemo
759 510 812 546 nou
832 490 909 545 videt
929 490 1112 546 contractione
1128 509 1189 544 non
1208 509 1284 560 opus

296 603 356 638 esse
368 585 396 636 in
409 583 451 647 ils,
469 598 539 665 qrrsp
552 579 612 649 ipsa
627 577 730 632 habent
742 578 860 630 farmani
874 576 1040 644 explicitam.
1056 585 1058 587 ’
1073 577 1142 662 lida
1158 593 1284 629 iniussi.

237 795 239 799 ,
308 737 397 800 Item
423 755 526 820 quum
552 735 595 799 sit
623 728 1100 811 commaticum-,vocabulum
1131 730 1282 794 alteram

226 820 394 886 relationis
410 815 536 906 partem
560 818 673 882 velex
696 809 833 882 adverso
858 815 1046 905 oppositam
1069 814 1132 881 sibi
1160 813 1281 895 babet,

226 906 277 970 vel
304 928 375 970 eam
407 904 604 991 cogitatione
634 902 784 968 substitui
807 904 906 967 iubet.
958 900 1124 986 Significat
1151 899 1282 965 codem

225 989 348 1069 modo.¹
387 990 471 1054 Nam
496 989 585 1076 quod
610 1006 694 1067 cnm.
709 990 843 1052 Donato
866 987 920 1052 alii
941 974 1147 1074 grammatici
1175 985 1283 1051 multi

227 1075 399 1154 dixerunt,
421 1073 680 1154 essesimiliter,
702 1073 735 1136 id
753 1096 819 1137 non
837 1074 973 1159 quadrat
987 1072 1136 1139 muninus
1180 1071 1281 1152 Quae

227 1162 315 1224 euim
345 1159 494 1224 similiter
527 1157 633 1240 liunt,
663 1180 730 1234 non
753 1181 884 1246 semper
905 1158 989 1223 finnt
1015 1157 1131 1223 eodem
1157 1156 1279 1223 modo.

28 1227 34 1242 ¹
114 1247 116 1250 ’
225 1246 340 1331 Neque
363 1267 440 1308 vero
468 1244 500 1307 id
528 1243 708 1307 obscurum
730 1255 797 1325 est,
834 1267 901 1330 quo
927 1241 1035 1307 differt
1068 1242 1278 1306 vocabulum

227 1331 298 1408 itu,
321 1329 538 1407 alibrariiset
560 1353 578 1392 a
602 1329 823 1414 grammaticis
847 1353 941 1415 saepe
964 1349 1039 1391 cum
1063 1328 1147 1390 item
1175 1348 1279 1397 com-

225 1425 401 1488 mutatum.
453 1415 526 1499 Qua
552 1413 591 1478 de
614 1437 649 1478 re
672 1414 846 1502 disputavit
868 1416 1074 1478 Hermannus
1099 1414 1132 1476 in
1163 1413 1278 1477 Com«-

84 1512 86 1520 ‘
124 1538 126 1546 ι
225 1511 329 1565 ment.
347 1501 387 1563 de
403 1499 549 1563 Bentleio
566 1499 661 1586 p.15.
675 1499 842 1585 inquiens:
867 1500 941 1577 „ita
959 1496 1118 1596 significat
1134 1521 1176 1563 cc
1194 1521 1277 1562 mo-

228 1584 292 1664 da,
323 1585 405 1649 item
435 1595 542 1648 autem
576 1584 693 1648 codem
725 1584 835 1649 modo.
887 1583 979 1648 Vnde
1010 1583 1127 1646 similia
1163 1605 1276 1668 quum

226 1680 479 1756 comparantur,
504 1679 590 1732 recte
606 1670 835 1748 dicituritem‚
857 1691 923 1732 nou
947 1668 1043 1751 etiarn
1067 1667 1122 1733 nbi
1148 1691 1273 1733 exem-

225 1757 320 1842 plum
350 1755 506 1832 affertur,
534 1754 812 1842 comprehensum
842 1754 906 1818 iam
939 1755 996 1829 iis,
1036 1755 1153 1838 quibus
1192 1759 1273 1841 quia

225 1841 501 1924 comprehensum
534 1851 600 1917 est,
633 1851 681 1904 est
703 1841 800 1913 etiam
824 1839 940 1904 simile.
990 1839 1050 1904 cai
1072 1839 1272 1926 reisiguili-

225 1927 346 1989 candae
362 1927 411 1989 ito
429 1936 542 2012 aptum
558 1931 639 1987 est.“
681 1926 863 1989 Discrimen
885 1946 972 2002 vern,
990 1925 1077 2009 quod
1095 1924 1269 1990 Bentleius

224 2033 292 2075 non
317 2011 393 2072 satis
412 2011 630 2074 considerasse
649 2010 732 2073 visus
755 2020 819 2086 est,
842 2033 909 2073 nou
932 2011 967 2072 in
991 2013 1069 2095 ipsis
1096 2006 1269 2076 vocabulis

205 2106 296 2159 crat
325 2097 443 2174 situm,
474 2095 594 2157 sedin
622 2094 730 2171 forma
753 2095 1058 2181 componendarum
1080 2099 1268 2161 seutentia-

224 2203 312 2245 rum.
352 2179 460 2241 Nemo
487 2179 575 2261 euim
599 2178 932 2283 reprehensionum,
958 2180 1013 2266 qui
1038 2179 1178 2245 dixerit:
1211 2181 1267 2246 hic

152 2276 154 2280 ’
224 2263 326 2329 malas
353 2263 465 2327 scribit
490 2254 812 2352 felicitat-'itemque
835 2265 972 2329 Phasma
996 2266 1135 2351 scripsit.
1186 2267 1266 2332 Non

223 2358 331 2439 potest
351 2349 437 2411 enim
458 2348 539 2429 item
564 2350 642 2435 poni
666 2350 700 2412 in
723 2351 876 2437 exemplo
899 2349 1124 2436 explicationis
1150 2371 1267 2417 caussa

211 2433 424 2511 adiiciendo,
445 2434 500 2496 sed
517 2444 625 2522 potest
648 2455 711 2498 uua
736 2436 840 2521 aliqua
866 2459 917 2500 res
941 2456 1013 2498 cum
1042 2445 1114 2499 toto
1142 2458 1266 2519 genere

224 2520 445 2605 aequiparari,
474 2531 569 2604 atquc
592 2519 671 2582 dici:
701 2519 756 2583 hic
779 2532 813 2583 ut
836 2522 936 2584 malas
962 2520 1091 2606 scripsit
1121 2520 1265 2604 fabulas,

223 2605 301 2668 item
320 2605 445 2690 scripsit
468 2607 613 2668 Phasma.
656 2604 821 2669 Differunt
844 2608 940 2692 igitur
962 2605 1015 2668 illa
1041 2604 1199 2669 vocabula
1225 2631 1262 2672 ea

223 2690 367 2761 ratione,
392 2710 453 2773 qua
470 2690 498 2751 ic
515 2699 546 2751 et
564 2690 673 2753 item.-
694 2692 745 2752 z'ta
762 2691 870 2754 definit
883 2691 1047 2767 urinum,
1066 2692 1148 2754 item
1166 2693 1261 2757 indi-

223 2785 392 2838 catanam
409 2797 476 2837 esse
492 2796 565 2837 cum
592 2772 747 2852 modum,
767 2799 827 2839 ncc
850 2777 966 2842 similia
991 2786 1178 2862 comparat,
1200 2779 1261 2842 sed

223 2859 383 2944 aequalia,
429 2861 585 2923 unitatem
621 2860 818 2924 conditionis
849 2862 898 2925 vel
935 2860 1025 2925 modi
1058 2861 1261 2946 significans.

223 2945 332 3024 Quare
365 2966 461 3030 saepe
499 2945 598 3030 gradu
636 2943 877 3029 distinguuntur
915 2947 954 3010 nd
994 2948 1259 3014 constituendam

222 3029 446 3115 aequalitatem
470 3051 598 3105 rerum,
629 3038 762 3114 atquae
792 3033 866 3095 alias
885 3029 957 3103 itu,
988 3042 1025 3093 ut
1048 3031 1170 3095 dictum
1195 3044 1256 3110 est,

220 3113 311 3191 fieri,
335 3114 411 3176 alias
430 3124 603 3201 narrantur
620 3112 691 3179 ficri
708 3116 809 3197 item,
831 3128 866 3181 ut
883 3117 1078 3181 dictumest.

303 3258 332 3314 1.
363 3250 414 3312 Ex
441 3250 541 3349 altera
559 3264 652 3337 parte
676 3240 877 3321 collocantur
898 3257 1029 3322 relativa
1050 3248 1104 3336 ut,
1138 3279 1256 3343 qnem-

219 3334 419 3410 admodum,
439 3337 556 3423 sicuti,
588 3338 654 3401 sive
677 3360 713 3404 ca
730 3344 945 3429 praecedunt,
968 3343 1033 3409 sive
1057 3351 1250 3426 sequuntur,

219 3429 250 3481 et
265 3441 451 3504 pronomen
468 3423 650 3486 relativum.

317 3539 402 3590 Varro
423 3541 457 3592 de
474 3541 550 3610 Ling.
573 3541 602 3596 L.
623 3541 649 3610 8,
666 3543 708 3598 38.
725 3541 763 3612 (9,
781 3546 836 3614 59.)
861 3547 903 3600 dei
925 3554 949 3600 et
968 3549 1036 3600 servi
1056 3548 1158 3600 nomino
1177 3547 1248 3614 quod

283 3639 336 3673 non
357 3626 417 3698 item
439 3635 467 3678 ut
489 3628 566 3678 libera
586 3638 674 3680 nostra
694 3637 844 3694 transeunt,
874 3634 963 3684 eadem
982 3641 1019 3684 ert
1045 3650 1143 3683 caussa.
1183 3630 1251 3683 Dici

189 3778 191 3783 1
282 3712 388 3772 poterat
412 3727 459 3760 non
481 3713 518 3762 ito
539 3721 583 3764 at.-
609 3712 678 3766 illud
701 3722 792 3767 antem
817 3714 953 3784 significat
973 3717 1042 3769 nicht
1065 3721 1117 3784 aas
1141 3716 1252 3769 dissolbe

281 3790 380 3855 Weiss,
398 3811 471 3861 ganz
485 3812 532 3846 so.¹

314 3892 405 3946 Plaut.
423 3897 520 3964 Amph.
539 3897 564 3962 3,
575 3897 600 3964 3,
613 3895 639 3950 5.
656 3901 761 3968 proinde
774 3901 831 3952 lieri
844 3907 874 3952 nt
888 3901 954 3963 sint,
975 3901 1032 3968 ipse
1047 3898 1169 3965 (servus)
1183 3899 1250 3951 item

277 3976 320 4030 sit.
355 3978 411 4031 Cic.
427 3980 509 4033 Acad.
526 3981 606 4048 213,
621 3982 664 4037 42.
680 3992 708 4036 nt
727 3986 792 4036 enim
808 3985 840 4036 rte
860 3985 971 4036 scuritas
993 3985 1110 4035 hesterno
1130 3999 1250 4036 sermone

276 4062 391 4131 virtutis,
408 4065 469 4121 itam
480 4067 586 4133 fociant
600 4069 632 4122 dc
644 4067 755 4137 reliquia.
790 4068 904 4137 deneg.
919 4067 946 4132 2,
963 4064 990 4132 5,
1004 4065 1046 4118 11.
1063 4071 1171 4136 ergoet
1194 4066 1248 4120 uta
