2632 4770
603 277 661 349 IN·
1100 241 1161 354 ari

188 438 245 499 36.
264 433 300 499 In
321 430 494 500 efferendis
517 380 629 515 libris,
653 433 828 520 inquibus
853 435 976 524 aliquid
989 440 1162 528 'scriptum

101 529 162 594 est,
183 531 345 611 usurpant
362 519 470 585 Latini
486 518 770 607 praepositionem
788 544 864 587 eum
883 525 1028 608 quodam
1045 528 1165 594 discri-

100 608 204 671 mine.
249 608 462 672 Recentiores
478 606 566 668 enim
582 607 762 693 scriptores
781 631 852 672 non
872 623 1020 677 accurate
1043 615 1164 680 distin·
1207 677 1210 698 ,

101 705 225 781 guunt:
249 705 373 759 ueteres
389 703 500 757 autem
517 693 678 756 omittunt
702 695 1002 782 praepositionem,
1027 702 1162 786 quando

99 781 289 864 intelligunt
305 789 417 844 totum
433 769 574 853 librum,
599 788 708 864 totam
728 781 923 866 epistolam,
950 805 1014 868 qua
1039 787 1162 874 aliquid
1198 775 1203 796 ¹

98 877 149 930 est
173 867 456 931 demonstratum:
488 873 630 952 ponunt
647 886 725 930 vero
750 887 842 946 eam,
879 868 936 932 ubi
962 869 1054 934 loeus
1086 872 1164 939 libri

98 963 155 1016 11111
181 976 256 1039 pars
286 963 335 1018 est
359 950 611 1036 significandus,
647 973 708 1015 nec
733 949 928 1036 consilium,
967 958 1019 1021 cui
1051 967 1162 1024 totum

99 1061 184 1125 opus
203 1039 404 1102 destinatum
422 1036 690 1141 sit„respicitur.
733 1039 889 1102 Attamen
905 1040 1025 1106 criticis
1041 1066 1162 1109 caven-

98 1126 263 1204 domest,
287 1147 329 1187 ne
349 1123 500 1212 exempla
526 1124 693 1186 contraria
719 1122 896 1210 corrigant.
939 1128 1026 1192 Nam
1053 1153 1161 1217 appo-

98 1214 200 1276 situm
223 1211 431 1277 videmusne
454 1232 567 1358 saepe,
598 1207 654 1271 ubi
679 1231 721 1272 ex
741 1208 802 1290 hac
825 1211 937 1297 regula
961 1203 1073 1280 abesse
1100 1215 1182 1280 de-'‘

98 1298 201 1365 beret.
247 1297 300 1361 Cf.
317 1297 423 1361 Beier.
442 1297 483 1360 ad
529 1297 567 1360 ic.
591 1293 658 1358 Off.
676 1301 706 1374 2,
728 1301 777 1374 13,
796 1302 849 1361 43.
872 1298 1015 1364 Orellius
1032 1302 1071 1366 ad
1090 1303 1159 1366 Cic.

99 1386 138 1448 de
162 1384 235 1448 Nat.
261 1384 293 1446 d.
322 1385 440 1463 1‚-15‚
464 1384 522 1446 40.
562 1380 702 1449 Codices
725 1382 761 1444 in
785 1385 942 1447 omnibus
974 1385 1044 1450 fere
1075 1389 1160 1452 locis
1189 1396 1192 1402 '
1237 1433 1239 1437 ,
1280 1424 1282 1427 v

98 1472 296 1556 discrepant.
350 1471 458 1554 Atque
482 1489 546 1530 una
575 1467 735 1532 sententia
759 1480 872 1555 potest
900 1471 1023 1556 duplici
1053 1475 1159 1551 modo
1194 1469 1195 1474 ¹

97 1558 239 1642 exponi,
278 1554 578 1641 quemadmodum.
600 1554 759 1617 Germani
799 1556 913 1621 dicunt
943 1568 975 1621 et
1010 1580 1049 1626 cn.
1081 1559 1161 1624 dem

96 1642 218 1730 Briese
234 1653 267 1706 et
282 1642 390 1704 durch
406 1640 474 1703 den
489 1635 602 1724 Brief
616 1638 797 1725 un'zeigen.

211 1773 305 1848 llaler.
319 1794 392 1846 Max.
406 1792 432 1856 1,
449 1791 476 1856 2,
492 1797 546 1843 ext.
562 1789 603 1841 10.
624 1791 789 1862 Philippi-
804 1795 924 1861 epistola,
940 1795 967 1846 iu
978 1814 1030 1864 qua
1044 1799 1159 1851 Alexan·
1198 1827 1200 1832 ·

167 1883 245 1934 drum
265 1907 298 1918 -
318 1879 355 1930 sic
371 1877 518 1945 increpuitae
541 1876 725 1944 interpolator
739 1876 765 1928 in
785 1878 842 1935 Cio.
859 1879 911 1931 off.
927 1881 960 1946 1,
978 1882 1027 1946 11,
1042 1881 1084 1934 31.
1104 1885 1160 1954 epi-

164 1968 236 2018 stola
251 1994 286 2006 -
303 1965 330 2016 in
345 1979 396 2031 quc
416 1963 512 2016 scribit.
544 1961 663 2017 Librarii
688 1952 796 2031 quidum'
822 1964 851 2016 in
869 1967 926 2020 cte.
946 1967 1160 2034 1111011215,
1240 2021 1243 2030 ,

165 2051 209 2104 53.
235 2051 383 2102 dederunt:
403 2046 431 2101 iu
442 2047 561 2116 ‘epistola
581 2050 698 2118 quadam
716 2050 897 2112 Alexandrum
912 2048 1004 2118 filium
1022 2055 1161 2125 Philippus

164 2143 300 2190 accusat..
424 2150 430 2183 1

200 2222 1158 2304 0111101131.ωεοσιρῑαπαιαωηι11111111111111111111111111.
1251 2258 1254 2272 ·

165 2327 192 2390 2,
208 2325 250 2388 11,
267 2323 310 2376 611.
330 2319 472 2386 2,18,63.
491 2322 520 2371 iu
538 2322 652 2373 oratioue
671 2323 761 2374 Crassi
776 2325 901 2391 scriptum
917 2328 1016 2394 copiose
1030 2328 1157 2390 uidemus.

167 2413 201 2463 de
215 2410 278 2462 Nat.
302 2410 328 2460 d.
344 2408 371 2470 1,
386 2403 431 2469 15,
445 2403 490 2458 41.
511 2413 535 2457 et
556 2406 620 2457 haec
635 2407 740 2472 quidem
766 2408 792 2458 iu
813 2409 897 2476 primo
919 2412 984 2462 libro
1006 2413 1157 2466 denatura

164 2475 289 2549 deorum:
307 2496 334 2545 iu
346 2493 458 2544 secundo
475 2496 564 2542 autem
577 2490 635 2541 uult
652 2491 757 2559 Orphei,
776 2491 890 2567 Μψαεί,
911 2495 1020 2547 Hesiodi
1033 2497 1155 2549 Homeri-

166 2600 216 2650 que
225 2581 344 2647 fabellas
360 2577 555 2630 accommodare
573 2576 608 2625 ad
632 2592 675 2638 ea,
696 2593 763 2641 pune
782 2568 836 2643 ips'e
855 2579 939 2645 primo
960 2581 1026 2631 libro
1049 2582 1081 2632 de
1104 2579 1169 2639 11111Δ

126 2717 128 2721 ,
166 2667 357 2720 immortalibus
378 2663 482 2714 dixerit.
501 2660 530 2710 h.
555 2676 579 2709 e.
608 2676 658 2726 per
680 2665 766 2712 totum
786 2659 898 2712 librum.
941 2663 1118 2717 Heindoriine
1141 2683 1158 2718 o
1188 2656 1193 2676 ²

164 2753 269 2805 duobus
291 2748 368 2800 codd.
391 2745 465 2797 dedit
484 2748 511 2797 iu
526 2762 569 2813 pr.
591 2745 666 2796 libro.
697 2745 769 2813 quod
785 2747 838 2797 non
854 2749 967 2799 mulum.
1004 2749 1037 2812 de
1055 2748 1109 2807 off.
1128 2749 1156 2815 3,

162 2835 264 2902 18,14.
284 2842 314 2887 ut
332 2833 359 2885 iu
376 2833 461 2901 primo
478 2831 542 2896 libro
559 2831 678 2889 disserui.
693 2831 720 2896 2,
738 2829 782 2895 13,
797 2829 842 2883 43.
865 2831 899 2886 do
915 2819 979 2886 Sea.
996 2831 1039 2898 lt,
1050 2831 1101 2915 59.
1118 2836 1153 2887 de
1303 2898 1304 2901 Ἴ

164 2924 227 2978 Nat.
241 2921 266 2985 l,
283 2918 327 2982 12,
342 2916 385 2969 311.
404 2916 429 2980 1,
446 2914 489 2979 13,
508 2913 551 2966 31.
737 2978 743 2987 Ι
1005 2960 1021 2986 .-

199 3025 257 3079 cic.
272 3024 306 3075 de
323 3019 423 3085 0112,
440 3017 489 3084 11,
509 3019 554 3071 cc.
571 3019 730 3083 Panaetius,
748 3038 824 3089 quem
841 3020 951 3072 multum
975 3019 1004 3070 iu
1027 3019 1068 3071 leis
1081 3020 1156 3072 libris
1222 3041 1228 3053 ·

161 3119 282 3182 sequutus
295 3125 352 3161 sum
375 3108 428 3157 etc.
463 3105 518 3158 ssu
539 3104 633 3172 paullo
659 3111 736 3173 post:
756 3107 788 3158 de
804 3107 852 3158 toa
873 3117 971 3177 genere
995 3113 1046 3157 toto
1069 3105 1099 3157 in
1122 3107 1157 3158 iis
1268 3100 1271 3113 ’

162 3198 247 3260 libris,
268 3210 330 3261 quos
346 3192 418 3243 dere
432 3190 539 3259 publica
554 3190 662 3259 scripsi,
680 3193 822 3263 diligenter
835 3190 873 3244 est
893 3186 1068 3259 disputatum.

195 3292 585 3371 οῑο.11Ν11.11.’1,15,4ο.
613 3327 678 3377 puae
699 3310 754 3378 ipse
778 3311 864 3380 primo
884 3309 950 3360 libro
975 3309 1007 3361 de
1028 3309 1079 3371 diis
1101 3308 1152 3360 im·
1234 3321 1235 3325 ’

161 3398 313 3456 mortalibus
329 3395 432 3447 dixerit.
466 3391 763 3459 (1101111311
777 3395 893 3449 amicitia
908 3395 961 3446 ulio
976 3395 1040 3445 libro
1052 3393 1151 3444 dictum
1226 3418 1229 3426 ·

160 3492 215 3551 eat,
234 3483 279 3553 qui
299 3482 448 3532 inscribitur
465 3479 580 3531 Laelius.
614 3479 648 3530 de
663 3479 724 3532 Flu.
744 3480 770 3543 1,
782 3479 813 3543 ’1,
828 3479 854 3532 2.
873 3477 989 3545 Quintil.
1007 3474 1038 3540 9,
1052 3473 1086 3541 4,
1102 3475 1149 3527 28.

115 3585 121 3592 ’
160 3580 188 3624 ut
206 3568 380 3641 superioribus
397 3557 509 3616 dicimus
523 3563 606 3615 libris.
642 3563 700 3616 Alii
716 3563 823 3616 codices
840 3564 869 3628 iu
885 3579 943 3631 sup.
979 3560 1047 3628 Quis
1063 3559 1148 3636 uude·

158 3656 199 3710 bit
216 3653 373 3714 affirmare,
392 3649 512 3702 alterum
527 3649 692 3729 preestere'i
1146 3649 1150 3655 “

195 3773 310 3842 Quintil.
324 3771 367 3834 lo,
382 3768 408 3833 1,
426 3764 469 3820 63.
488 3769 598 3823 Alcaeus
612 3767 642 3818 iu
658 3772 736 3836 parte
750 3763 834 3834 operis
856 3779 934 3815 aureo
945 3763 1044 3830 plectro
1058 3762 1149 3853 currito

157 3864 287 3922 donatur,
306 3874 359 3924 qua
378 3861 502 3922 tyrannos
522 3854 657 3905 insectatus
682 3853 791 3903 multum
813 3849 891 3901 etium
911 3848 1022 3899 moribus
1041 3853 1147 3914 confert.

158 3943 336 4013 Spaldingius
352 3939 470 4007 explicat
488 3939 517 3990 ol
535 3945 653 4006 purtem,
676 3936 708 3989 de
727 3943 810 4004 parte.
845 3933 882 3987 At
903 3932 994 3986 locuin
1012 3929 1147 4014 intelligit

158 4029 343 4098 Quintilianus
362 4034 390 4080 et
402 4025 470 4080 dicit
484 4025 633 4087 Alcaeum,
651 4021 741 4090 quelis
755 4019 913 4091 apparetur
927 4033 960 4072 eu
977 4023 1056 4086 purte
1074 4031 1144 4082 ope·

155 4115 209 4181 ris,
225 4131 280 4184 qua
295 4119 347 4168 etc.
387 4164 394 4203 ὅ
