2632 4770
474 244 653 317 ,aaran
697 254 700 258 “
753 210 821 280 '·

157 625 186 685 t.
210 615 386 705 Multiplex
407 628 457 682 est
481 641 558 683 usus
580 618 725 687 adverbii
747 633 861 702 aranu,
885 643 902 684 a
926 620 1116 711 lexicogra-

70 705 146 792 phis
169 705 279 768 nescio
295 721 337 781 an
364 727 432 767 non
460 707 537 769 satis
561 706 742 790 expositus.
765 704 768 710 '
795 706 1003 793 Amplissima
1027 712 1114 779 enim

68 796 162 860 notio
179 791 225 853 rei
240 788 325 853 male
343 799 431 852 actae
448 789 680 876 complectitur
698 786 808 863 oninia
825 814 892 855 uon
910 792 1007 870 buna,
1033 819 1115 882 pra.

67 897 124 950 va,
145 876 280 955 vitiosa,
301 874 474 959 improba,
498 888 529 938 et
544 875 708 960 imprimis
726 877 998 963 qualemcumque
1014 903 1115 945 evau-

67 972 136 1024 tum
157 962 294 1024 malum.
338 957 375 1020 Id
402 960 609 1045 vero,qu0d
628 959 846 1044 intelligamus
869 973 900 1025 et
926 965 1114 1030 distinctio·
1157 1034 1159 1038 ,

64 1068 101 1121 re
127 1047 262 1109 nomine
288 1043 513 1127 designemus,
542 1045 736 1130 plerumque
763 1050 907 1112 ostendit
934 1050 1003 1135 ipsa
1035 1072 1114 1115 sen-

12 1137 15 1143 ’
64 1131 166 1196 tentia
184 1139 239 1192 aut
259 1126 414 1207 verbum,
438 1131 488 1193 cui
508 1130 615 1194 addita
636 1139 684 1192 est
705 1130 873 1214 particula.
918 1133 1002 1198 liam
1022 1137 1114 1200 mule

64 1215 205 1280 credam
223 1212 312 1299 apud
330 1213 480 1279 Plautum
498 1217 595 1279 Poen.
612 1214 644 1293 4,
660 1217 691 1287 2,
708 1215 759 1278 65.
784 1225 832 1278 est
855 1217 1020 1282 credendo
1046 1220 1114 1285 fal·

62 1301 136 1365 lar:
160 1311 192 1365 et
214 1298 306 1367 male
328 1321 438 1365 emere
463 1300 548 1388 apud
574 1299 641 1364 Cic.
665 1298 704 1362 ad
722 1296 790 1370 'Ara
814 1305 845 1377 2,
861 1303 893 1364 4.
917 1306 965 1364 est
990 1325 1112 1390 magno

62 1388 191 1472 pretio,
219 1384 311 1449 male
335 1385 478 1455 rendere
508 1388 540 1450 in
569 1386 662 1449 Verr.
687 1389 719 1456 3.
743 1387 795 1465 98,
819 1389 894 1449 227.
921 1407 1024 1470 parva
1055 1402 1111 1454 aut

63 1471 157 1535 nullo
183 1471 302 1556 pretio.
355 1472 576 1558 Ambiguit'ate
601 1482 710 1535 autem
740 1469 976 1554 quadam,n0n
1000 1484 1124 1551 carent,

47 1580 120 1635 veae
144 1558 343 1632 sententiae,
365 1558 399 1637 in
427 1559 555 1642 quibus
570 1550 758 1626 adverbium
784 1565 816 1618 et
839 1554 878 1617 ad
904 1568 1055 1642 agentern
1078 1568 1112 1622 et

63 1645 102 1706 ad
125 1665 195 1706 rem
222 1641 381 1726 agendam
407 1641 526 1707 referri
554 1651 682 1726 potest,
704 1639 804 1707 veluti
825 1639 925 1710 mule'
942 1641 1112 1727 cogitare,

63 1728 154 1792 male
177 1749 348 1792 narrare:
370 1729 411 1790 de
430 1750 497 1814 quo
515 1727 671 1795 Klotzius
687 1724 726 1788 ad
744 1724 811 1817 Cic.
827 1725 858 1788 T
861 1745 928 1788 usa.
948 1732 976 1794 1.
993 1731 1022 1811 ti,
1042 1732 1091 1792 10.

164 1847 205 1899 lie
220 1846 314 1920 verbis
326 1847 396 1900 mela
411 1863 494 1899 emere
507 1844 571 1898 ride
584 1844 732 1900 Burmann.
754 1841 787 1897 eil
803 1846 911 1897 Petrun.
922 1842 967 1896 45.
984 1846 1110 1900 Weeter-
1151 1834 1154 1839 ⁵

128 1930 193 1983 hur.
209 1936 237 1984 et
251 1931 395 1985 Ruhnken.
416 1931 450 1982 ud
469 1930 581 1983 Terent.
590 1931 668 1986 Eun.
682 1929 710 1993 4,
722 1927 749 1991 4,
764 1927 790 1981 ².
808 1930 916 2009 Pptrom
934 1922 977 1982 Sd.
999 1947 1107 2003 eamear-

81 2056 83 2065 .
127 2016 182 2067 rea-i
203 2017 350 2069 adaerere
373 2016 442 2068 male
463 2015 625 2079 dormientia.
647 2014 700 2065 lrac
720 2013 892 2066 Burmannus
912 2013 1120 2083 interpretetur.

126 2101 293 2152 simulanter:
311 2105 356 2152 ,at
383 2108 478 2165 pastae
509 2105 639 2152 narratur
666 2097 806 2165 ephebum
829 2114 978 2165 numquam
1009 2096 1112 2157 urtam

127 2201 222 2236 eumne
237 2181 444 2235 obdormirirac.
465 2182 529 2235 'ue
549 2182 638 2252 igitur
657 2180 844 2249 inopportune.
878 2174 922 2235 87.
940 2185 1008 2237 male
1030 2201 1108 2253 repa-

126 2265 226 2334 gaauti
247 2268 377 2332 gaudium
400 2267 503 2318 artaret.
525 2266 553 2318 la
568 2281 593 2316 e.
615 2281 669 2317 nun
692 2282 725 2316 ex
746 2256 836 2317 anima
857 2265 1040 2335 repugnanti,
1059 2272 1107 2321 aut

127 2350 186 2402 sine
203 2349 314 2400 ellectu.
349 2344 751 2416 Sade.12.quarnmiremm
774 2349 926 2416 renalium)
937 2352 1022 2416 fidem
1036 2352 1108 2404 mele

128 2433 304 2485 ambulantem
317 2432 458 2486 obscuritas
469 2431 592 2499 temporie
603 2431 736 2496 facillime
745 2439 854 2501 tegeret.
887 2431 949 2484 Nun
959 2441 1024 2500 putu
1033 2435 1106 2493 lmee

128 2520 271 2581 corrupta,
296 2514 344 2569 aad
367 2533 428 2569 cnm
447 2516 603 2569 uumerus
618 2514 702 2569 fldem
721 2523 861 2585 raptarum
881 2532 974 2575 rernm
998 2516 1105 2579 alaudi-

127 2608 232 2655 cantem
249 2597 384 2670 intellige.
874 2617 878 2623 ·

146 2761 177 2819 2.
202 2753 248 2818 Ea
264 2752 363 2821 verba
382 2763 412 2816 et
429 2749 604 2833 allectiva,
630 2772 712 2840 quae
731 2751 800 2841 ipsa
821 2751 943 2826 malam
967 2754 1018 2821 val
1045 2753 1104 2818 de·

59 2840 215 2904 tericrem
232 2861 343 2904 rerum
363 2838 585 2909 conditionem
603 2839 765 2911 indicant..
786 2838 848 2902 sibi
869 2839 1018 2905 iunctum
1043 2839 1104 2904 lra-

59 2928 137 2990 lrcut
158 2926 267 3007 male,
297 2935 332 2988 ut
354 2924 450 3001 notia
473 2938 530 2987 suu
555 2928 603 2990 rel
627 2927 758 3011 gravior
780 2924 838 2997 liat
864 2925 913 2993 rel
935 2919 1122 3012 augeatur(

59 3016 171 3093 Quare
187 3011 315 3076 videtur
333 3008 421 3075 idem
435 3007 501 3073 hoc
518 3010 673 3078 adverbio
695 3011 858 3098 exprimi,
878 3008 979 3097 quod,
1000 3010 1104 3073 omis-

59 3121 93 3160 sa
116 3098 176 3160 hac
199 3097 277 3159 mali
303 3095 490 3174 nataliune,
519 3095 636 3176 valde,
665 3097 880 3166 veliementer
907 3093 1103 3179 significant.

60 3183 216 3245 Germani
232 3180 331 3242 simili
353 3179 455 3243 modo
479 3203 575 3267 saepe
600 3181 713 3253 dicunt
730 3180 895 3254 acldimm.
939 3177 990 3244 Cf.
1014 3180 1103 3247 Lau·
1136 3243 1137 3247 ,

57 3278 143 3334 rent.
160 3266 271 3330 Vallac
288 3264 432 3351 Elegant.
451 3270 483 3344 2,
499 3267 553 3330 52.

171 3385 284 3445 Terent.
299 3383 368 3442 Eun.
382 3381 408 3448 4,
422 3381 448 3448 7,
463 3381 489 3437 4.
511 3386 581 3438 mate
595 3386 711 3448 mariba
732 3402 797 3437 eam.
834 3383 890 3436 Gir.
904 3385 983 3438 Brut.
997 3381 1041 3445 ᾖ,
1059 3379 1103 3438 88,

125 3473 240 3526 addebat
255 3471 336 3522 etiam
353 3492 386 3508 ·-
401 3468 536 3536 eeriptaraa
551 3469 608 3529 illae
621 3469 690 3522 mule
704 3468 830 3520 mulcatus
843 3469 922 3521 eadee
937 3485 994 3520 nrm
1008 3466 1102 3519 uuir.

125 3555 236 3609 Terent.
251 3555 322 3607 Hec.
336 3550 363 3617 ὃ,
378 3551 405 3616 2,
419 3552 446 3602 2.
463 3553 533 3606 male
550 3560 649 3616 mauu,
664 3570 696 3605 ne
712 3552 879 3607 Philumenae
893 3551 981 3620 magis
1001 3551 1103 3607 marlae

125 3643 304 3711 adgraaeeaut.
338 3636 388 3688 At.
402 3633 429 3709 4,
444 3634 469 3698 l,
483 3633 509 3692 'ir
533 3635 598 3689 illud
620 3655 665 3689 rna
680 3636 755 3688 mdia
777 3635 832 3693 alia
854 3651 947 3688 cauma
968 3642 1022 3697 tem
1034 3634 1102 3687 mala
1147 3650 1150 3656 ·

123 3708 176 3780 aar.
208 3723 255 3779 un
269 3722 314 3777 va.
330 3721 475 3795 amaron.
506 3717 563 3770 ca.
580 3717 740 3785 aaran
755 3720 780 3774 1.

170 3825 281 3877 Sueten.
295 3826 359 3879 Nar.
377 3823 420 3878 42.
437 3824 563 3892 collapsae
577 3825 712 3894 eumaem
723 3824 794 3877 male
802 3828 895 3892 fracia
908 3788 958 3876 diu
969 3821 1025 3879 siaa
1041 3833 1101 3873 aare

126 3916 151 3961 et
161 3926 242 3978 prope
255 3909 432 3963 intermortuae
444 3909 537 3963 iacuit.

139 4050 170 4111 3.
192 4043 242 4110 nd
255 4052 386 4130 ternpus
401 4042 737 4134 est-opportunitatem
761 4037 1018 4132 epectat'neule,¹
1043 4034 1099 4103 ubi
