2632 4770
427 286 430 289 >
489 257 686 337 tuncne
987 307 990 343 ,
1050 272 1112 340 451

61 417 172 480 solum
188 415 223 478 in
243 413 348 478 'vicem
364 411 511 478 alicuius
527 436 591 500 pro
607 416 640 478 in
658 414 775 479 locum
797 418 948 500 alicuius,
971 425 1027 489 sed
1043 449 1113 493 non

62 502 176 566 addito
202 500 365 586 genitivo,
397 500 435 563 de
459 501 704 577 commutandis
728 505 866 588 negotiis
889 507 938 571 vel
961 514 1112 594 personis

63 598 95 652 et
113 588 153 650 de
171 585 304 650 alternis
320 583 436 648 rebus:
460 583 550 669 qnod
567 586 722 650 Germani
745 586 858 651 dicunt
871 613 933 654 zur
948 594 1113 663 Abwecle-

62 673 204 758 selnng,
225 669 470 734 abweclrselnd.
511 669 631 734 Forma
648 671 775 735 dicendi
795 675 906 738 endem
925 691 971 741 est
985 683 1017 745 in
1039 706 1113 748 ver-

65 759 173 822 bisin
196 756 345 820 modum.
378 754 461 825 ‚sed
490 758 841 822 structuraoraticnis
865 762 1058 845 quibusdam
1078 770 1112 834 in

66 844 146 908 locis
169 841 392 906 adverbiaiem
420 861 515 903 usum
543 842 765 925 comprobare
790 845 933 923 videtur,
958 851 1054 921 veluti
1079 855 1113 918 iu

62 929 169 1003 verbis
193 939 226 991 et
254 926 417 998 invicem,
447 937 548 1011 atque
573 925 717 996 invicem
740 929 826 1013 apud
855 931 985 997 Celsum
1020 948 1051 1001 et
1076 944 1113 1005 in

61 1013 304 1101 compositione
328 1010 501 1072 nominum
527 1010 676 1073 absoluta
698 1012 784 1098 apud
812 1014 958 1095 Livium,
985 1019 1024 1085 de
1049 1045 1112 1107 qua
1155 1074 1157 1083 .

60 1123 94 1164 n.
113 1107 143 1164 3.
167 1100 290 1172 dicam,
315 1106 347 1159 et
372 1095 405 1156 in
424 1095 493 1158 aliis
519 1095 726 1179 quibusdam.
771 1097 898 1164 'senten
918 1126 985 1166 non
1009 1129 1112 1192 repu-

10 1234 13 1236 ,
62 1186 191 1271 gnatis),
217 1185 243 1247 si
262 1181 333 1267 quis
353 1179 433 1242 haec
451 1201 583 1267 quoquc
604 1182 643 1243 ad
669 1183 890 1266 antiquiorem
914 1191 1112 1274 scripturam

61 1273 231 1344 retulerit,
253 1279 285 1331 et
303 1266 448 1329 formam
467 1265 613 1330 vocabuli
632 1268 784 1336 nonnisi
803 1290 877 1332 cum
900 1275 1112 1358 significatio-

62 1378 105 1421 ne
130 1367 288 1419 mutatam
313 1373 382 1415 esse
404 1354 570 1417 statueritr
592 1352 697 1416 immo
721 1363 894 1441 utramque
915 1361 1112 1435 scripturam
1170 1370 1173 1387 '

63 1443 100 1507 iu
118 1463 178 1506 usn
192 1441 292 1506 fuisse
308 1446 401 1525 puto.
777 1474 779 1478 ⁴
951 1480 955 1485 *

165 1613 225 1667 niv.
244 1611 270 1677 3,
287 1608 330 1678 18,
344 1610 369 1665 9.
396 1609 450 1681 ipse
470 1608 498 1662 in
520 1607 603 1659 locunt
627 1607 755 1678 vicemque
776 1612 885 1666 consulis
904 1615 1034 1683 provolat.
1068 1617 1113 1682 tl,
1175 1656 1179 1667 .

133 1697 177 1764 11,
195 1697 222 1749 3.
239 1699 320 1750 missis
333 1699 360 1749 in
375 1697 454 1748 vicem
467 1711 556 1747 eurum
568 1694 677 1761 quinque
690 1696 803 1750 millibus
816 1701 951 1752 socierum.
979 1700 1026 1752 ubi
1043 1703 1125 1755 Gne·-

130 1783 226 1836 novius
241 1799 273 1834 ex
288 1781 442 1850 antiquiore
459 1796 509 1831 usn
520 1778 663 1829 delendum
678 1782 792 1845 putebat
807 1784 842 1834 in.
862 1784 974 1836 Sueton.
984 1784 1111 1858 Clupeid.

129 1869 308 1937 praeseditque
323 1885 374 1918 non
392 1882 454 1918 rnre
468 1863 618 1932 spectaculis
634 1864 662 1914 in
681 1865 741 1916 Caii
759 1867 848 1934 viceris.
885 1869 981 1920 Celsus
998 1869 1023 1934 t,
1038 1861 1073 1922 6.
1084 1872 1114 1923 in

72 1961 74 1965 ’
129 1953 210 2004 vicem
230 1952 283 2002 eins
303 1948 388 2018 (vini)
415 1965 512 2000 cremor
532 1950 653 2016 ptisanae
675 1951 812 2013 sumendus
836 1957 881 2005 est.
907 1951 926 2004 i.
945 1969 974 2005 θ.
992 1952 1114 2006 alternis.

134 2035 205 2087 Ptin.
221 2034 293 2086 Hist.
310 2051 336 2086 n.
351 2031 394 2098 33,
409 2031 436 2100 8,
451 2028 495 2083 41.
527 2030 589 2085 Atta
601 2031 665 2084 vite
681 2033 753 2102 apud
770 2033 941 2103 Oudendorp.
953 2013 989 2090 c'rt
1003 2035 1114 2106 Apuleii

128 2120 195 2173 Met.
213 2136 239 2186 p.
254 2118 314 2171 171.
647 2136 650 2142 ·
1045 2142 1052 2161 ³

164 2238 310 2290 Columeti.
327 2232 362 2300 4,
377 2234 429 2301 25,
443 2237 470 2289 2.
503 2237 559 2290 elin
579 2227 751 2290 submonendo
773 2201 959 2308 -ieornmqne
983 2237 1012 2292 in
1033 2208 1113 2294 sicem
1155 2235 1158 2240 ’

129 2324 225 2376 idonea
238 2324 397 2397 reponendo.
870 2339 874 2343 ’
1024 2334 1029 2341 ·

166 2441 311 2493 Columeli.
325 2437 352 2504 5,
366 2437 393 2504 6,
409 2436 435 2491 1.
453 2437 567 2506 primam
581 2453 706 2504 quamque
727 2438 796 2488 senio
818 2445 865 2504 unt
879 2412 1027 2506 tempestate
1042 2443 1115 2511 nsfli⁴

131 2533 201 2578 ctam
217 2526 370 2578 submoveat
385 2531 410 2576 et
424 2523 452 2574 in
466 2521 546 2574 vicem
561 2523 688 2572 novellum
702 2521 810 2573 sobolem
824 2523 971 2576 substituat.

166 2645 244 2696 Caes.
267 2645 301 2696 B.
325 2638 434 2712 gatt4,
451 2640 476 2691 1.
505 2640 534 2692 1ιί
557 2637 696 2689 rursus'in
713 2638 795 2713 vicem
815 2658 883 2691 anno
903 2647 961 2708 pest
982 2640 1011 2690 in
1033 2639 1118 2692 armis
1167 2665 1172 2672 ·

135 2722 210 2780 sent:
229 2730 269 2779 tili
287 2729 358 2780 demi
374 2733 517 2780 remanent.
544 2723 604 2797 ige.
631 2720 988 2787 elioenno'hi‚a1ioilli.
1021 2723 1116 2788 e,1b.
1201 2778 1206 2801 ¹

97 2824 104 2831 ·
133 2830 212 2880 quum
234 2812 365 2880 dispositis
386 2812 481 2873 turmis.
502 2810 531 2861 in
553 2808 711 2859 vicemruri.
724 2809 922 2875 proeliarentur.
947 2809 966 2861 i.
981 2827 1005 2861 e.
1035 2808 1115 2862 modu

131 2895 220 2957 hece,
241 2894 382 2947 modaitio
393 2901 499 2958 turmo,
520 2911 573 2946 non
590 2892 714 2953 conferte
731 2889 973 2963 scimpugnebet.
1007 2892 1040 2944 Β.
1063 2892 1116 2947 civ.

134 2978 160 3044 3,
176 2978 267 3033 bibes
281 2981 372 3038 cestris
387 2980 435 3032 sibi
452 2981 566 3050 legiones
585 2977 660 3051 alim·
670 2991 801 3026 occurrere
823 2982 848 3027 et
867 2994 927 3040 ens,
947 2994 1011 3050 qens
1031 2990 1117 3030 seeum

134 3052 260 3130 denerat,
278 3066 305 3117 in
326 3066 406 3125 sicem
429 3066 585 3134 requiescere
602 3087 637 3099 -
653 3059 735 3111 iussit.
769 3059 842 3112 Hirt.
859 3062 891 3114 B.
907 3062 960 3115 afr.
976 3060 1020 3113 10.
1045 3047 1140 3129 aqui-¹

134 3155 192 3201 totn
208 3166 254 3199 son
268 3156 375 3216 propter
392 3165 511 3216 equorum
531 3135 663 3217 interitum
686 3150 799 3217 extremo
823 3146 930 3218 agmine
950 3152 1062 3215 remoto,
1080 3147 1118 3197 le-

138 3231 232 3301 giones
255 3233 364 3283 inuicem
385 3234 421 3284 uri
443 3239 583 3285 mamam
605 3242 700 3296 agmen
724 3229 851 3281 evocabat.
894 3216 960 3301 mii,
980 3229 1006 3292 1,
1027 3227 1070 3292 40,
1091 3227 1119 3280 6.

106 3323 107 3326 ’
126 3316 212 3383 primo
227 3321 332 3381 uterque
346 3315 488 3379 vociferari
509 3321 532 3365 et
546 3313 666 3387 seriptitn
683 3311 749 3377 citer
773 3313 851 3364 alteri
875 3315 1027 3380 obstrepere:
1047 3329 1118 3365 coerd

135 3399 181 3451 citi
194 3400 226 3449 nb
244 3397 333 3459 lictore
351 3405 373 3449 et
388 3397 451 3449 iussi
472 3394 499 3458 in
517 3398 598 3448 vinem
614 3395 725 3457 dicere3·
736 3396 843 3447 tandem
860 3390 961 3465 obloqui
976 3397 1119 3466 suesorum.

135 3479 184 3534 ubi
199 3482 323 3533 Rhenun.
339 3487 366 3534 et
383 3481 520 3543 urerent.
535 3469 578 3542 32,
592 3476 636 3541 32,
652 3472 739 3553 152,
756 3474 798 3542 57,
813 3478 839 3529 2.
857 3497 934 3546 quum
948 3467 1026 3530 timor
1044 3487 1120 3546 atque

135 3566 223 3620 imin
240 3567 322 3618 sicem
337 3565 476 3618 sententias
494 3566 649 3617 variassent·
684 3558 780 3613 cetuna
802 3561 828 3626 6,
850 3562 876 3615 Β.
894 3565 983 3627 eique,
1001 3562 1063 3614 dnm
1080 3569 1120 3614 te·

135 3655 221 3714 riter,
239 3651 348 3702 invicem
365 3651 497 3713 vinnm-,et
512 3648 594 3711 clem
616 3652 741 3715 myrteum
765 3647 865 3715 adiicit.
899 3645 1017 3718 Licet,
1034 3646 1059 3710 1,
1076 3643 1120 3697 23.

137 3735 310 3802 sercitnngaei
329 3747 387 3789 eum
411 3734 479 3785 diem
500 3718 555 3801 ont
566 3722 827 3799 cmiagtnmsttm
845 3737 890 3782 eut
911 3729 1050 3783 Romanis:
1075 3744 1122 3782 nen

138 3819 168 3870 in
183 3819 262 3873 vicem
275 3817 319 3873 tta
329 3825 374 3871 ant
388 3813 460 3893 iilis,
477 3808 798 3891 nominatissimumque
811 3815 912 3886 stipat

176 3919 270 3972 Celsus
285 3919 312 3984 2,
329 3917 370 3973 tt.
389 3916 471 3987 p-ffi.
491 3919 612 3979 ¹irim-tet
633 3914 667 3969 in
683 3905 832 3990 aitetdflt}
853 3919 944 3972 deinde
967 3916 1074 3969 inuicem
1094 3913 1120 3964 in

138 4011 255 4074 utreque.
732 4012 734 4017 '

544 4192 555 4209 J
636 4098 664 4121 ⁸
705 4105 783 4206 to*
