2632 4770
364 249 602 321 MORDlCVS.
645 248 932 316 MORDlClTVS.
1103 252 1167 315 653

213 416 246 475 2.
263 408 422 474 maenus
442 403 608 470 latinitatis
627 413 774 467 auctores
798 422 898 466 unam
923 403 1094 468 notionem
1119 415 1170 468 tc-

126 497 221 560 ·nacis
254 492 448 579 complexus
476 488 732 553 huic-adverbio
764 487 965 565 tribuerunt,'
993 511 1063 553 noa
1086 488 1169 553 den·

130 584 215 646 tium
232 582 358 645 ratione
374 577 499 640 habitas
522 573 610 658 quod
627 573 679 636 vix
696 571 831 659 probari
847 573 980 661 poterit.

181 782 184 787 Ι
235 682 343 780 Apulei.
357 711 424 762 lllet.
434 709 461 761 3.
479 726 505 774 p.
518 698 578 772 132,
594 708 618 761 1.
634 725 665 758 ua
679 724 737 759 mos
751 708 832 760 ulium
845 709 953 778 pedibus
967 709 1029 761 meis
1042 708 1171 761 normas
1202 744 1206 775 2

199 800 369 853 inhaerentem
385 823 419 832 -
433 794 543 863 peremi.
1015 832 1018 837 .

216 955 247 1012 3.
285 941 500 1008 'transfertur
525 938 566 1004 ad
592 938 757 1017 animum,
786 944 843 1027 qui
867 939 986 1026 aliquid
1018 942 1174 1029 tenaciter

135 1029 356 1121 apprehendit
372 1037 404 1091 et
419 1027 548 1091 retinet.
593 1024 661 1103 Qui
676 1022 774 1089 hodie
789 1026 936 1090 scribunt
950 1027 1065 1102 latine,
1090 1027 1175 1105 mule

135 1121 182 1183 uti
207 1118 314 1181 solent
340 1112 406 1176 hoc
429 1108 585 1176 adverbio
610 1108 651 1171 de
671 1109 819 1175 mordaci
841 1111 961 1176 invidia
980 1110 1017 1174 'et
1038 1135 1099 1199 pro
1123 1136 1173 1193 eu,

137 1202 228 1289 quod
246 1198 432 1266 Lactantius
447 1207 480 1262 et
494 1192 681 1262 Macrobius
696 1196 851 1277 dixerunt
863 1195 1081 1262 mordaciter.
1157 1260 1161 1285 -.

239 1335 296 1389 (lic.
317 1334 351 1385 do
366 1332 426 1384 Fin.
437 1329 468 1396 4,
476 1330 520 1395 28,
527 1329 579 1383 ta.
589 1331 670 1384 cerba
679 1337 771 1383 torcat
778 1331 914 1383 mordicus.
930 1327 949 1380 i.
963 1340 988 1384 e.
1006 1332 1081 1382 nullo
1096 1337 1175 1398 paeto

204 1423 327 1483 mutant,
345 1417 391 1469 secl
407 1416 482 1469 omui
496 1416 602 1469 raucae
618 1412 670 1468 sibi
683 1412 828 1467 vindicant.
861 1413 943 1466 Acud.
955 1413 983 1479 2,
998 1414 1041 1480 lb,
1056 1412 1099 1465 51.
1116 1432 1178 1475 aaa:

126 1520 138 1539 .·
202 1505 377 1573 ob'omoib'us
392 1502 505 1554 eiusdem
527 1502 590 1554 uisis
607 1500 829 1572 perspicuitatem,
847 1513 925 1566 quum
946 1498 1179 1552 commeruere

180 1614 183 1619 ⁴
203 1589 338 1652 debemus,
356 1585 577 1639 mutuatam.
788 1584 790 1588 ’
1161 1618 1165 1626 .

185 1752 189 1757 ’
221 1755 253 1817 4.
276 1750 381 1819 Aliam
400 1751 547 1818 formam
569 1749 794 1840 lexicographi
819 1748 932 1814 dicunt
953 1764 1024 1817 esse
1044 1750 1177 1816 mordi-

138 1837 244 1912 citus,
268 1861 366 1923 quam
388 1858 490 1936 quum
509 1840 670 1903 Gruterus
690 1838 724 1900 iu
747 1836 851 1899 Plauti
870 1835 1033 1901 Aulularia
1056 1837 1178 1901 editis·-

141 1935 201 2001 set,
218 1926 324 1987 variae
339 1935 497 1988 excitatae
511 1934 590 1986 sunt
604 1924 786 2010 opiniones,
803 1921 965 1986 anemius
981 1924 1055 1987 satis
1073 1922 1181 1985 decla-

140 2018 241 2072 ratae.
283 2010 357 2071 Duo
373 2019 483 2073 tamen
498 2004 926 2094 nupcr'exstiterunt'buius
943 2007 1092 2072 vocabuli
1117 2029 1181 2094 pau

140 2094 250 2172 troni,
271 2092 441 2157 Goellerus
461 2104 494 2157 et
508 2093 762 2156 Lindemaunus.
805 2091 917 2157 Hicin
934 2093 1067 2157 Comm.
1085 2094 1118 2157 4.
1133 2091 1181 2156 «δι’,

141 2177 306 2241 adverbio
328 2200 360 2264 p.
377 2184 428 2242 13.
450 2186 619 2242 auctorem
634 2178 764 2241 adducit
786 2176 959 2256 Nonium‚·
972 2177 1057 2264 apud
1081 2196 1180 2264 quem

137 2268 177 2342 ’2,
195 2264 268 2326 649.
285 2262 421 2348 legitur:
443 2261 647 2325 mordicibus
663 2272 696 2325 et
709 2258 881 2324 mordicus
890 2282 958 2360 pro
972 2285 1097 2341 morsu,
1117 2282 1183 2349 pro

135 2348 329 2410 morsibus.-
349 2347 381 2410 id
405 2347 491 2410 euim
520 2346 619 2410 scribi
643 2344 761 2409 debere
784 2345 995 2411 mordicitus.
1045 2348 1183 2412 Codices

146 2433 284 2507 veroin
308 2430 415 2494 Aulul.
442 2437 482 2508 2,
504 2435 545 2509 2,
568 2433 621 2495 57.
646 2427 788 2494 habent-a
815 2429 913 2508 ‘ouini
934 2452 988 2494 me
1012 2432 1184 2496 mordicus

145 2514 323 2594 scindant,
346 2513 439 2580 bores
454 2517 627 2579 incursent
644 2512 817 2579 cornibus.-
828 2524 904 2578 't'res
921 2515 1019 2580 codd.
1036 2517 1184 2602 pulutat

145 2601 223 2686 gud.
252 2599 426 2684 morsibus.
467 2602 565 2686 Apud
590 2601 715 2686 Apulei.
737 2598 816 2675 Met.
835 2605 865 2665 ὅ.
888 2621 922 2684 p.
940 2601 1085 2678 140‚23.
1116 2601 1183 2665 duo

147 2682 242 2748 codd.
259 2686 419 2770 praebent
432 2685 632 2749 mordicitus
649 2694 826 2783 oppetatis,
843 2704 926 2748 uuus
940 2683 1070 2750 florent.
1084 2688 1186 2773 prae,-

146 2769 363 2833 stantissimus
380 2768 595 2848 mordicibus,
613 2771 731 2855 reliqui
746 2788 860 2832 omnes
874 2769 1056 2834 mordicus.
1089 2769 1186 2835 Multi

147 2855 248 2941 igitur
275 2857 381 2920 critici
401 2867 543 2941 utroque
564 2855 598 2918 in
620 2855 702 2918 loco⁴
719 2851 923 2918 mordicibus
945 2856 1184 2921 restituendum
1251 2896 1253 2901 ·

147 2940 386 3021 existimarunt,
412 2950 445 3004 et
459 2941 626 3005 mordices
642 2939 803 3027 appellari
820 2938 932 3008 dentes
948 2950 1185 3005 monstrarunt.

146 3026 219 3090 Hoc
248 3025 493 3111 Lindemannus
522 3024 698 3090 ridiculum
717 3032 912 3089 mansuum
942 3035 1057 3089 vocat:
1086 3026 1186 3111 quod

148 3106 301 3195 equidem
316 3132 383 3174 non
398 3111 550 3192 dixerim,
567 3132 628 3175 nce
643 3121 753 3174 tamen
766 3126 854 3196 nego
870 3110 1069 3174 mordicitus
1086 3110 1187 3186 fuisso

147 3215 273 3258 nomen
288 3194 434 3259 latinum.
474 3196 523 3260 De
537 3193 773 3282 significatione
786 3194 934 3282 'syllabae
950 3206 1113 3261 extremae
1133 3206 1188 3265 tus

149 3279 291 3364 exposui
315 3301 348 3365 p.
365 3280 438 3343 444.
451 3279 520 3343 ¹sed
545 3302 620 3345 cum
641 3280 779 3366 'reliquis
797 3278 959 3366 exemplis
981 3298 1050 3344 nou
1073 3291 1188 3367 exacte

149 3363 326 3429 convenire
351 3362 486 3427 ridetur
517 3364 737 3445 mordicitus,
774 3364 865 3449 quod
896 3386 939 3430 ex
969 3366 1187 3451 Lindemannl

149 3448 309 3514 sententia
330 3459 413 3512 esset
436 3449 517 3512 inde
541 3474 564 3514 u
588 3471 718 3530 morsu,
743 3470 816 3514 rom
841 3447 941 3514 Biasa
962 3451 1032 3515 ber.
1082 3449 1189 3515 affers

148 3544 270 3598 tamen
286 3531 341 3597 ille
365 3533 464 3596 etiam
487 3536 668 3622 pragaitrcs,
693 3533 784 3620 quod
811 3534 939 3598 Nonius
961 3535 1104 3634 explicat
1125 3548 1189 3624 per

147 3617 286 3704 pugnis.
326 3619 425 3705 Atqui
441 3618 523 3682 bene
539 3620 603 3684 dici
619 3629 749 3707 poterat
764 3641 782 3682 a
797 3618 939 3684 Caecilio
959 3642 1014 3707 qui
1029 3644 1064 3685 se
1086 3622 1189 3686 molit

146 3703 318 3789 pugoitus-
327 3700 554 3790 pessumdari,
571 3726 637 3769 nou
655 3705 732 3769 item
751 3704 835 3766 bene
850 3705 943 3768 asiai
956 3726 1008 3772 me
1023 3707 1190 3785 mordici-

152 3797 206 3851 tus
221 3787 393 3852 scindont.
435 3790 551 3869 Quare
567 3789 707 3877 amplius
728 3788 874 3855 dubitare
887 3790 991 3855 liceat.
1032 3792 1189 3856 Etiam-in

151 3873 255 3936 Plaut.
273 3874 367 3958 Capt.
382 3879 412 3949 8,
430 3876 461 3951 4,
478 3880 528 3940 ta.
549 3877 624 3940 cod.
640 3876 737 3961 palat.
754 3896 816 3938 sec.
834 3875 969 3960 praebet
983 3900 1019 3942 oa
1037 3877 1190 3941 deauco*

146 3955 201 4020 bit
219 3956 283 4021 tibi
297 3958 520 4043 mordicibus,
535 3961 653 4049 reliqui
669 3958 858 4028 mordicus.
1049 3993 1052 3999 ,
