2632 4770
578 278 638 359 le·
672 236 680 248 ‚
929 241 934 250 ⁶
1040 284 1052 322 ³
1085 280 1161 358 aaa

125 429 127 433 ’
150 436 325 505 corrigamus
349 404 429 485 otiu.
455 433 522 487 Met.
548 430 599 496 14,
625 431 670 487 38:
694 401 759 487 uiri:
782 412 902 515 Glaucus
925 423 959 492 et
980 442 1008 493 io
1039 445 1147 498 ιιιιιιιιιιί

122 569 124 574 ,
150 529 292 577 nascentur
306 520 436 571 mentitus
451 519 549 588 algae:
567 525 595 570 et
617 525 712 574 cetera
725 518 809 572 huius
824 521 958 588 generis?

116 661 118 668 ‚
184 628 293 678 Horat.
303 621 362 676 Sat
374 620 402 686 1,
418 619 445 686 3,
460 619 486 681 7
505 623 580 674 modo
594 639 698 674 samma
713 640 784 686 noce,
802 626 876 676 modo
890 625 942 676 Ιιαο
955 635 1064 684 resonat
1078 649 1148 698 quoe
1237 651 1245 696 ¹.
1282 678 1285 690 .

151 712 254 767 chordis
270 715 382 777 quatuor
402 709 466 760 ima.
502 705 691 759 scholiastes:
717 708 845 776 supple
834 725 887 773 ιιι,
907 717 939 768 ut
959 713 1010 775 sit,
1029 724 1159 781 quaeest

150 797 207 850 ima
223 797 251 846 io
269 793 372 847 chordis
395 773 590 860 quatuordena
613 793 669 857 eat,
695 793 726 847 ἰιι
749 794 924 852 tetrachordo.
959 793 1046 847 Nemo
1070 799 1148 853 Lati-

149 897 249 933 norum
262 877 302 930 ita
316 883 449 945 nmquam
469 877 600 944 loquutus
615 881 664 932 est
698 876 831 939 Horatius
847 895 913 930 vero
934 878 1003 932 dicit
1022 888 1148 956 cantasse

149 963 305 1034 Tigellium
331 962 412 1015 modo
434 977 560 1026 summa,
594 959 706 1012 modo
697 977 753 1017 rma
779 979 848 1015 voce
878 961 1033 1015 resonantis
1059 949 1148 1034 lyrae

152 1052 227 1116 Quae
249 1056 362 1116 quotuor
378 1024 483 1100 chorais
506 1053 617 1098 resonet
632 1050 691 1110 est,
715 1063 785 1113 quae
806 1064 859 1098 vox
881 1066 895 1099 e
917 1046 1027 1100 chordis
1048 1051 1158 1116 prodit·

148 1152 199 1204 per
215 1132 333 1185 chordas
351 1137 437 1194 sonat.
472 1130 634 1186 ablativum
660 1130 785 1184 videmus
804 1133 957 1186 censualem
976 1135 1023 1186 vet
1045 1133 1147 1189 instru-

153 1220 314 1273 mentalem.
371 1229 374 1235 '
469 1247 479 1270 s

184 1336 281 1391 critici
297 1341 424 1389 caudeam
440 1333 557 1387 omissae
574 1331 787 1403 praepositionis
805 1349 889 1400 saepe
909 1334 1127 1401 quaesiverunt
1118 1358 1147 1393 ιιι
1168 1397 1172 1408 ,
1216 1363 1262 1396 ι..-

152 1423 298 1486 cautione,
317 1437 352 1472 ue
370 1418 466 1471 eadem
485 1421 584 1490 rocula
600 1420 642 1472 bis
658 1424 815 1486 poneretur.
857 1418 913 1481 lta
903 1419 1095 1490 Spaldingius
1113 1425 1148 1478 ad
1181 1486 1182 1490 Ἰ
1248 1417 1275 1505 Ι’

154 1509 268 1575 Quintil.
285 1522 338 1558 non
353 1522 407 1556 uno
421 1505 491 1557 loco.
528 1490 582 1558 Sea
606 1507 675 1557 haec
697 1501 839 1571 elegantia
861 1521 914 1556 non
933 1510 1024 1571 potast
1040 1508 1147 1562 ratione
1196 1553 1200 1570 ,

150 1591 280 1655 destitui,
298 1607 349 1643 uec
366 1589 495 1642 convenit
510 1608 573 1642 cum
591 1608 624 1642 eo
636 1606 711 1652 usu,
729 1605 811 1656 quem
828 1605 856 1639 ιι.
869 1586 895 1639 6.
915 1589 1079 1644 notabiittus.

184 1693 292 1746 Vitruv.
315 1691 348 1758 6,
372 1692 407 1757 1,
425 1685 477 1743 '11.
504 1694 542 1744 ita
568 1695 657 1745 diutina
680 1709 750 1744 meus
773 1691 903 1742 civitatem
924 1694 1020 1760 populi
1046 1698 1147 1749 romani

150 1780 265 1849 egregia
281 1785 473 1846 temperataque
491 1777 607 1845 regione·
624 1777 777 1839 collocavit,
798 1776 839 1826 uti
859 1772 927 1836 orbis
946 1787 1077 1832 terrorum
1097 1784 1147 1835 im·
1186 1779 1196 1787 '⁴

150 1867 224 1934 perio
244 1865 380 1932 potiretur.
417 1861 472 1914 Sed
493 1860 569 1913 codd.
585 1863 689 1914 habent
705 1861 845 1930 egregiam
864 1869 1148 1941 temperatamquelre-

151 1951 265 2019 gionem.
284 1963 369 2014 quare
384 1963 436 2015 non
453 1945 640 2007 dubitaverim
658 1952 821 2024 anteponere
839 1947 1082 2015 praepositionem.

169 2107 173 2127 f
191 2051 248 2102 Cic.
265 2047 449 2114 Tusc.5‚35‚
467 2048 525 2101 162.
546 2056 582 2101 est
602 2049 671 2102 euim
686 2052 785 2100 ‘eornm
809 2067 895 2100 rerum
916 2051 1033 2121 omnium
1056 2062 1148 2111 nostra
1180 2091 1182 2098 ‚

152 2130 214 2187 orbe
235 2152 337 2186 summa
357 2135 386 2186 in
403 2135 504 2202 publico
522 2134 603 2202 copia.
639 2132 754 2184 Wolfius
777 2150 840 2184 cum
861 2134 991 2188 Schiitaio
1013 2138 1083 2191 bene
1105 2140 1149 2193 in-

155 2221 321 2272 tellexerunt
337 2219 514 2270 scribendum
531 2235 590 2269 esse
613 2219 641 2269 in
662 2225 753 2270 nostro
774 2221 845 2270 arte.
880 2207 919 2272 Et
940 2221 1080 2290 Orethus,
1101 2228 1148 2295 qni

151 2304 384 2371 praepositionem
402 2322 455 2357 uon
477 2301 665 2356 necessariam
689 2308 854 2369 putaverat,
873 2297 969 2372 postea
991 2307 1026 2360 de
1044 2310 1099 2364 hac
1115 2330 1147 2365 ro

153 2407 180 2458 p.
197 2387 259 2440 436.
278 2388 360 2440 aliter
374 2389 492 2440 sensisse
502 2388 626 2440 videtur.

189 2480 659 2559 Cie.deA1n.8,26.socpissime
684 2487 769 2558 igitur
791 2491 857 2543 miti
877 2492 909 2543 de
931 2493 1049 2548 amicitia
1073 2502 1148 2569 eogi-

117 2585 118 2588 ’
155 2578 225 2629 tanti
240 2578 352 2627 murima
369 2577 436 2628 illud
454 2574 669 2627 considerandam
685 2573 771 2625 videri
784 2576 862 2638 solet,
881 2565 967 2629 atrum
979 2584 1108 2649 propter
1098 2602 1147 2635 cm-

155 2663 293 2713 becitlitote
270 2669 320 2714 tem
335 2668 412 2727 atque
429 2661 544 2727 inopiam
561 2658 711 2710 desiderata
725 2659 760 2709 eit
772 2661 905 2723 amicitia,
926 2669 955 2712 nt
971 2664 1068 2718 dandis
1083 2670 1148 2719 rcci-

153 2749 255 2815 piendis
272 2748 388 2808 meritis,
410 2745 477 2812 qaod
492 2745 597 2811 quisque
619 2742 706 2792 minue
728 2759 822 2813 perse
844 2743 898 2811 ipse
914 2757 1014 2814 posset,
1033 2753 1061 2802 id
1079 2755 1147 2805 acei—
1215 2791 1231 2803 ..
1303 2807 1308 2815 ,

153 2834 275 2900 peretot
294 2833 346 2882 alio
362 2832 521 2897 vicissimque
540 2829 665 2880 redderet·
699 2826 743 2878 Ita
756 2826 880 2891 codices,
901 2837 928 2882 et
950 2832 1077 2886 Kiotaius
1096 2855 1147 2898 ex·

156 2915 247 2982 posuit
262 2915 425 2967 senteutiam
444 2914 477 2966 de
496 2931 593 2966 caussa
608 2929 642 2965 ac
658 2911 781 2975 ratione,
794 2929 857 2979 -qua
881 2914 1021 2984 acciperet
1037 2922 1072 2970 ab
1092 2909 1147 2974 alio
1181 2923 1185 2929 ’
1205 2981 1208 2986 ,

156 3001 332 3068 vicissimque
348 2999 492 3053 redderet:
522 2997 604 3063 sicuti
627 2996 725 3049 dicitur
749 2997 783 3055 de
805 2995 884 3059 offic.
901 2999 934 3063 2,
950 2999 982 3064 4,
999 3001 1042 3054 15.
1059 3007 1148 3058 darida

154 3094 177 3137 ct
195 3087 354 3151 accipiendo.
372 3090 464 3136 tamen
482 3072 628 3136 difficulter
644 3082 779 3151 quaedam
802 3092 941 3138 remanetr
961 3103 1048 3155 eaque
1069 3089 1148 3143 vide·

156 3176 201 3221 tur
220 3176 325 3220 tantum
341 3169 370 3220 in
385 3171 439 3220 hac
456 3171 576 3221 formula
595 3169 741 3220 uerborum
758 3167 900 3239 admissa.

193 3270 306 3336 Quintil.
322 3273 347 3334 1,
363 3270 390 3334 4,
405 3271 430 3323 5.
448 3289 513 3340 qaae
526 3273 565 3324 oel
578 3271 723 3336 autonomi
736 3271 881 3325 studiorum
905 3289 1000 3341 genere
1018 3277 1079 3343 pios
1098 3262 1147 3328 loo-
1175 3269 1177 3273 ’

158 3356 215 3406 beat
230 3357 312 3423 operis
328 3373 405 3423 quum
419 3356 603 3407 ostentationis.
635 3352 760 3406 Wassiua
776 3360 804 3404 et
822 3353 997 3434 Spaldingius
1018 3360 1046 3411 ia
1068 3361 1164 3414 aaut
1255 3367 1258 3370 ’

160 3439 266 3491 derunt.
301 3439 446 3495 Lucretius
462 3456 543 3507 saepe
557 3438 627 3492 dixit
640 3454 809 3508 progeneret.

193 3543 300 3594 Vsitata
324 3550 385 3596 sunt
406 3543 517 3596 nomina
539 3543 690 3605 librorum,
724 3538 752 3590 in
777 3538 874 3615 quibus
907 3539 972 3605 qnid
1003 3542 1145 3611 scripturn,
1181 3530 1182 3533 Ἴ

131 3672 133 3674 ,
159 3627 257 3679 omissa
274 3628 483 3697 praepositione.
520 3625 635 3695 Quintil.
649 3624 675 3689 2,
691 3623 717 3691 4,
732 3623 776 3676 42.
796 3626 848 3677 olio
868 3642 965 3692 quoqne
980 3627 1052 3680 libro.
1078 3629 1103 3694 1,
1119 3629 1146 3695 7,

157 3713 200 3765 22.
222 3714 251 3764 C.
268 3714 387 3767 Caesarie
404 3715 579 3783 inscriptione.
608 3710 663 3777 12,
677 3709 712 3775 4,
727 3709 752 3762 1.
779 3727 844 3778 puae
867 3711 1010 3782 conscripta
1026 3723 1083 3766 sant
1105 3707 1146 3767 iri-

159 3798 254 3849 storiis.

194 3899 236 3950 De
252 3900 408 3954 nominibus
425 3896 558 3968 temporis
577 3890 635 3952 sine
655 3895 857 3965 praepositione
878 3895 973 3966 positis
996 3899 1079 3968 supra
1102 3901 1146 3951 di·
1208 3960 1210 3963 ¹
1257 3947 1259 3951 s

159 3999 259 4038 ximus.
966 4001 968 4006 “

192 4086 270 4152 Quae
291 4085 378 4139 verba
400 4088 546 4156 utramque
566 4084 701 4142 rationem
723 4084 868 4142 admittant
886 4083 943 4150 ita,
975 4088 1023 4150 ut,
1046 4082 1070 4136 si
1091 4099 1146 4137 aon

131 4165 191 4232 111.
609 4223 611 4227 ι
739 4217 742 4222 -
818 4173 860 4236 23
