2632 4770
516 221 663 308 llam
1052 239 1114 300 aaa

68 397 166 461 iuxta
180 415 271 457 6666
286 391 435 457 dicimus·
478 390 606 457 Eodem
620 392 724 456 modo
742 397 852 467 mixtu
876 397 1000 465 librarii
1022 405 1116 467 nobis

67 482 323 545 transmiserunt
342 496 406 563 pro
422 475 545 554 mista,
575 472 612 541 V
611 475 704 563 lyaee
726 499 790 558 pro
811 479 990 570 Vbosew‘
1031 488 1115 553 Appi

92 576 204 629 assunt
233 565 294 628 alia
320 562 467 640 Sestius,
495 566 844 646 praetectatusa-vid.
872 567 1012 635 Reinesii
1037 569 1117 640 var.

65 589 156 714 1661.
172 648 220 714 17.
241 673 273 735 p.
290 653 366 712 630.
394 646 584 713 Sclancideri
602 647 786 711 Grammat.
803 673 837 735 p.
852 655 926 716 363.
969 657 1036 720 Nec
1055 659 1114 724 de·
1168 683 1170 687 ·

69 747 146 799 sunt
167 736 299 820 vestigia
316 732 467 816 antiquae
483 732 664 816 scripturae
683 733 718 797 in
736 734 913 800 codicibus.
957 741 1009 804 Cf.
1026 743 1113 808 Dra.

66 821 169 885 kenb.
194 821 240 885 ad
255 821 324 884 Lis.
352 819 509 897 6,6,18..
550 817 720 882 Praeterea
743 840 780 884 ca
803 822 872 897 via,
897 844 961 908 qua
985 827 1112 894 diversa

66 905 220 972 vocabula
247 906 374 968 iustum
397 911 429 964 et
447 922 592 988 aequum
616 901 656 964 ad
680 903 821 968 similem
841 906 1112 992 significationem
1136 962 1139 971 .

68 1001 330 1078 promoventur,
355 987 451 1050 etiam
472 987 569 1063 inacta
592 984 632 1049 ad
654 986 871 1073 significatum
888 994 984 1058 serbi
1010 1021 1112 1082 aeqeaee

64 1077 201 1141 accedit.
247 1071 378 1160 Syllaba
402 1081 549 1134 extrema
569 1080 608 1135 tc
631 1071 774 1152 catilla,
803 1096 902 1160 quam
924 1079 975 1142 ita
996 1078 1110 1146 babet:

64 1163 106 1226 de
122 1185 159 1225 ea
181 1159 251 1223 vide
274 1182 307 1246 p.
326 1160 401 1222 467.
663 1162 671 1179 ’·
755 1166 758 1170 ’

149 1245 323 1330 Antiqums
340 1239 535 1307 uocabulum
552 1249 620 1302 erat
635 1239 840 1321 adverbium,
861 1265 921 1310 nea
938 1249 1006 1313 ullo
1021 1262 1111 1317 cerro

65 1329 223 1416 exemplo
248 1327 353 1392 Plauti
377 1337 432 1390 aut
460 1325 595 1390 alicuius
625 1338 798 1412 poetarum
823 1340 970 1396 veterum·
990 1340 1112 1420 poterit

62 1437 140 1480 usus
159 1413 415 1502 praepositionis
441 1411 670 1474 demonstrari.
712 1412 804 1491 Quae
823 1416 907 1500 apud
929 1420 1109 1487 Varronem

63 1501 234 1587 leguntur,
256 1521 343 1563 nova
356 1500 421 1577 iam
439 1519 508 1569 esse
526 1496 688 1561 videntur.
726 1498 909 1563 Priscianus
927 1504 977 1566 14.
996 1511 1110 1590 p.992.
1144 1506 1151 1517 '

60 1587 159 1650 iuxta
186 1585 295 1660 enirn,
334 1581 424 1670 praed
446 1578 624 1668 significat
657 1577 697 1647 sd
727 1581 861 1666 iyyd‘a,
893 1586 982 1672 quod
1015 1591 1110 1675 apud

64 1670 215 1735 Graecos
243 1670 317 1733 aine
340 1666 443 1731 darbia
466 1663 663 1743 adverbium
690 1679 756 1743 est.
789 1670 870 1754 qaia
902 1672 974 1736 loco
998 1696 1110 1762 prope

59 1757 128 1820 sive
153 1766 313 1840 propter,
350 1751 439 1839 quod
469 1762 519 1814 est
542 1749 687 1835 ,well-2·
701 1747 869 1839 fungitur
898 1759 965 1838 (eat
996 1771 1110 1824 autem

54 1841 269 1928 praepositio
285 1834 389 1922 παρὰ
405 1838 562 1924 graeca).
572 1847 606 1901 ct
629 1835 710 1922 qaia
725 1859 842 1902 cusum
858 1843 1027 1928 sequitur,
1045 1867 1111 1910 no-

59 1927 126 1990 stri
141 1929 231 1989 inter
240 1923 515 2011 praepositiones
518 1931 739 2070 ‘potuerunt-
760 1924 897 2009 parando
913 1950 989 1992 aero
1014 1928 1109 1994 aerbo

54 2034 122 2097 per
152 2034 188 2074 ae
220 2009 458 2094 coniungitur,
493 2031 514 2070 6
543 2003 691 2071 corbium
726 2007 766 2072 iet
797 2033 868 2075 ease
899 2013 1107 2080 existimant.

60 2096 201 2160 Additur
216 2095 415 2160 aecusativus
432 2103 466 2156 et
481 2092 516 2155 in
533 2091 733 2177 aequalitatis
747 2096 916 2160 notatione
933 2100 1031 2162 etiam
1048 2100 1108 2164 da-

61 2183 158 2245 tivus.
204 2182 356 2243 Priscian.
376 2181 426 2242 18.
446 2201 478 2265 p.
497 2182 590 2245 1172.
620 2168 717 2241 iuxta
742 2191 775 2242 et
797 2203 907 2267 prope
927 2195 965 2246 ‘et
989 2184 1107 2250 dativo

61 2278 94 2329 et
110 2265 304 2327 accrrsatico
320 2264 520 2347 iunguntur.
564 2258 618 2325 Cf.
642 2262 791 2328 Perizon.
816 2266 855 2328 ad
880 2267 999 2333 sanctii
1023 2270 1105 2334 Min.

62 2360 91 2424 1,
118 2355 168 2426 16,
195 2354 223 2411 1.
246 2371 277 2432 p.
302 2349 374 2410 174.
418 2343 639 2409 Historiarum
663 2351 813 2411 suctores
838 2351 1026 2433 Sallustius,
1048 2343 1106 2420 13³·-

60 2437 150 2510 vius‚
170 2433 305 2495 Tacitus
322 2429 407 2493 banc
427 2428 621 2516 particulam
639 2430 827 2516 saepissime
850 2451 1104 2522 usurpaverunt:

59 2539 245 2605 numquam
269 2514 443 2580 Terentius
468 2524 500 2576 et
523 2513 659 2593 Cicero:
685 2537 784 2578 nemo
807 2518 894 2581 enim
921 2524 1106 2588 orationem

85 2617 137 2668 ost
162 2603 306 2666 reditum
331 2602 365 2665 in
398 2609 512 2664 senatu
538 2597 683 2663 habitem
706 2601 1016 2688 interpolationibus
1038 2629 1107 2673 esse

58 2630 288 2756 deformatam
312 2708 353 2750 ne
378 2685 455 2749 abit.
512 2684 576 2749 Sed
611 2705 686 2751 cum
715 2687 922 2774 temporibus
956 2692 1105 2756 mutaba-

61 2788 115 2838 tur
140 2776 239 2838 etiam
270 2708 462 2857 significatio
487 2769 676 2854 particulae.
727 2772 875 2836 Primum
906 2774 1106 2861 significabat

60 2861 326 2926 coniunctionem
342 2884 350 2922 a
372 2855 489 2920 deinde
505 2877 577 2920 rece
604 2856 628 2919 it
643 2856 816 2928 notionem
835 2860 1104 2946 propinquitatis,
1203 2852 1214 2887 ²⁵

60 2969 143 3033 <luae
168 2949 207 3008 ad
230 2944 455 3028 aequalitatem
480 2878 755 3007 transiierebatur:
778 2953 964 3010 extremum
990 2969 1105 3013 aevum

60 3033 207 3097 adiunxit
225 3027 537 3094 accommodationis
553 3047 696 3092 sensum.
1153 3043 1157 3048 ·

162 3151 268 3202 Parcas
284 3147 312 3200 in
333 3149 398 3200 Lex.
414 3146 505 3199 Pleut.
521 3163 543 3197 s.
558 3151 694 3211 661661,
709 3118 795 3216 quum
814 3148 881 3201 dicit
899 3148 972 3218 apud
992 3150 1105 3203 Cicera-

128 3251 191 3286 nem
207 3249 287 3299 saepe
299 3233 372 3284 banc
387 3228 692 3311 perticulaminneniri.

160 3338 316 3388 Extremam
339 3333 474 3403 syllabam
499 3336 596 3399 poetae
615 3333 765 3399 producere
786 3334 920 3387 solebant.
955 3335 1014 3386 Vid.
1032 3336 1104 3386 Pro·
1206 3327 1207 3330 ¹

126 3423 193 3475 bum
211 3437 238 3486 p.
253 3417 332 3470 1428.
368 3417 423 3492 Vno
439 3421 532 3469 661616
546 3415 575 3469 16
588 3433 671 3469 versu
689 3417 789 3469 Catulli
804 3419 1104 3474 6666166116666611.

131 3510 210 3558 erant
229 3503 275 3572 qni
292 3499 471 3557 defenderent
487 3501 610 3566 66111666
626 3500 680 3554 seri
698 3508 791 3567 16666
809 3503 916 3557 Callisto
934 3506 1008 3557 insto
1023 3505 1106 3573 Lyco·

125 3593 198 3654 nida,
219 3595 248 3641 et
262 3566 323 3640 iuris
337 3584 462 3654 quidem:
482 3578 543 3638 uiam
556 3519 784 3649 Enniumllanaa
799 3586 880 3639 brevi
892 3586 990 3640 ultima
1005 3584 1103 3640 dixisse

127 3678 246 3725 constets
272 3688 391 3740 eumque
410 3670 532 3723 Catullus
554 3669 680 3723 imitatur
701 3667 730 3721 in
749 3662 853 3722 nulus.
894 3671 962 3724 Vide
978 3670 1058 3725 ¹l'om.
1077 3661 1103 3724 2'.

126 3773 153 3823 p.
167 3755 226 3807 110.

143 3860 168 3926 1.
209 3866 238 3926 1.
263 3865 374 3929 Prima
399 3863 501 3948 igitur
527 3862 722 3948 significatio
749 3873 798 3929 est
819 3863 1040 3942 coniunctim,
1062 3865 1103 3928 de

62 3946 275 4028 hominibus,
298 3953 353 4035 quai
377 3949 532 4015 collocati
550 3949 638 4015 idem
656 3969 731 4015 cum
749 3949 818 4015 aliis
841 3949 984 4031 l'aciunt,
1008 3962 1039 4014 et
1063 3949 1116 4013 de.

61 4032 160 4097 rebus
176 4034 370 4102 coniunctis.
