2632 4770
558 230 630 297 HV.
673 225 795 314 HVC„
1131 246 1191 331 ωεΙ

182 650 189 665 .
218 561 420 630 Porcellinus
435 564 477 629 'iu
508 562 833 666 Lexicobaec=11y‚
855 555 895 646 d,
918 570 1101 638 interiectio
1123 542 1186 639 exss

136 672 283 803 vau
296 669 591 801 arnustus
612 671 684 801 u
706 650 1018 807 ⁰t2⁰¹t¹¹tstu
1032 659 1185 810 ‘tutu

120 752 382 919 ‚gaebeudere
403 841 439 884 ac
462 781 595 885 sebtire.
614 759 741 885 qPiatii.
765 761 849 896 iiiii.g
863 826 896 907 4,
921 830 951 909 6,
976 829 1029 892 43.
1059 827 1182 910 nescio}

127 904 261 995 nde-law
270 926 384 992 prope
399 903 515 984 adest,
535 928 633 993 quem
652 918 772 1005 expeto
796 907 920 983 videre.
943 911 1011 985 ltu!
1028 912 1095 978 bu!
1115 914 1183 980 olet

121 988 298 1082 prosectu.
340 1007 423 1056 suu.
451 987 624 1077 Nasopol
643 1014 718 1056 acm
737 994 823 1061 baec
845 994 979 1082 quidem
995 995 1085 1071 uidet
1100 999 1181 1084 plus

194 1098 235 1141 m
257 1074 377 1141 oculis.
419 1074 508 1140 Haec
532 1075 572 1140 dc
599 1076 958 1145 coniecturaPaimerii
983 1079 1181 1152 dictasunt.
1284 1094 1286 1104 '

207 1161 356 1227 enimin
373 1159 396 1226 S
423 1160 525 1247 icileg.
544 1184 579 1249 p.
598 1166 673 1230 758.
693 1165 789 1233 Grut.
811 1166 964 1253 proluvio
983 1166 1070 1247 olet,
1088 1169 1180 1255 quod
1210 1242 1214 1248 ,

124 1246 163 1315 in
178 1247 331 1335 quodam
350 1181 464 1311 codice
481 1246 668 1328 invenerat,
690 1248 899 1324 scribendum
916 1253 1042 1319 censuit
1055 1255 1101 1327 lau
1118 1254 1179 1320 ltu.

125 1330 215 1399 Hinc
240 1331 489 1397 Lindemannus
511 1331 591 1412 usai,
613 1331 681 1398 olet
705 1331 874 1422 profecto.
917 1339 960 1400 At
986 1358 1090 1422 quum
1114 1358 1178 1402 ne-

130 1418 270 1485 cessitas·
281 1416 472 1505 corrigendi
494 1416 584 1484 nulla
604 1417 800 1494 intercedat,
822 1441 882 1485 nec
902 1421 1178 1509 Hedorpiicodi-

135 1502 185 1569 cta
215 1502 440 1569 auctoritatem
473 1502 550 1566 satis
573 1505 741 1588 cognitam
761 1503 940 1580 habeamus
952 1555 963 1590 ,
990 1504 1178 1601 invulgata

139 1586 296 1676 κύματι
311 1586 516 1675 acquiescere
529 1587 666 1659 decebit·

562 1775 728 1871 HVC.

145 1972 150 1999 ,
210 1922 289 1996 iivc
302 1919 534 1990 Lindemanno
549 1921 589 1988 de
603 1922 766 1989 Aduerbio
785 1930 815 1998 2.
837 1947 874 2016 p.
888 1928 921 1992 7.
943 1924 1030 1997 visus
1050 1932 1099 1993 est
1121 1944 1178 1990 ac.-

144 2009 294 2075 etuativus
309 2005 437 2096 generis
453 2009 600 2072 neutrius
618 2032 705 2091 esse,
727 2011 816 2077 cuius
836 2012 968 2100 vestigia
991 2007 1097 2074 adhuc
1119 2030 1177 2079 suq

119 2094 258 2181 'pamm
285 2093 322 2158 in
353 2093 608 2182 pronominibus
641 2094 754 2177 istud,
782 2095 886 2175 illud,
925 2093 1048 2176 ὀἱιίιιί,Ι
1085 2094 1180 2188 eique

129 2178 229 2259 ‚edici
250 2201 288 2246 ce
311 2178 623 2244 demonstrativum:
642 2181 771 2247 lau-ce.
813 2181 941 2262 Quibus
958 2178 1177 2269 addiposset,

127 2282 133 2289 '
151 2262 258 2351 uigori
271 2285 424 2334 sermone
437 2263 501 2327 buc
519 2286 583 2351 pro
600 2265 665 2330 boc
679 2268 861 2332 accusativo
877 2266 1023 2335 neutrius
1047 2265 1177 2351 generis

155 2346 258 2415 Mum
272 2371 354 2417 esse.
396 2347 463 2415 vid.
480 2349 597 2416 Orellii
609 2348 763 2438 inscript.
783 2355 879 2424 2488,
920 2352 964 2418 Et
990 2351 1057 2415 iam
1080 2348 1177 2414 stud-

157 2430 329 2515 dimannus,
360 2433 512 2505 Tonsa
561 2439 661 2506 .319.
693 2435 849 2504 docuerat
873 2437 937 2501 buc
958 2435 1178 2501 accusativum

159 2517 248 2583 videri.
289 2523 331 2586 Aa
356 2518 490 2605 vestigia
510 2457 565 2583 ilii
591 2517 728 2584 falluntz
757 2543 834 2585 nam
860 2518 954 2587 istud
985 2519 1051 2584 sive
1083 2519 1178 2599 tastis,

160 2603 277 2690 aquatis
293 2603 489 2671 nominativi
507 2615 539 2668 et
554 2605 727 2670 accusativi
750 2604 880 2688 forma,
903 2627 945 2669 ex
967 2603 1029 2667 bac
1053 2602 1177 2667 Linde-

160 2684 289 2758 demauni
316 2691 597 2756 demonstratione
626 2689 711 2754 nibil
740 2689 856 2770 babet,
913 2711 956 2754 uo
981 2686 1112 2752 differat
1135 2687 1176 2752 ab

160 2770 298 2856 ablativo,
327 2775 392 2840 nisi
416 2775 566 2841 vocalem
589 2775 792 2848 mutabilem,
844 2713 911 2840 Sed
932 2773 1019 2844 baud
1042 2771 1176 2838 infirmo
1208 2814 1213 2829 .

160 2867 266 2924 uranus
287 2859 525 2945 fundamento,
548 2861 576 2924 si
599 2882 676 2925 cum
698 2862 768 2927 aliis
782 2861 1000 2926 statuerimus
1015 2860 1080 2940 lanc
1105 2880 1175 2923 esse

160 2940 324 3010 adverbium
357 2969 375 3010 e
402 2944 500 3011 dativi
533 2944 644 3012 forma
674 2946 897 3036 desumptum.
945 2945 1053 3010 Dativi
1087 2944 1177 3007 enim

159 3024 247 3095 torma
266 3029 344 3094 boio
368 3031 497 3095 uansiit
524 3041 557 3096 et
575 3031 611 3096 in
634 3031 715 3111 buc,
743 3042 780 3096 ut
805 3032 973 3099 dicebatur
998 3030 1087 3095 citus
1111 3050 1176 3114 pro

158 3131 235 3196 usus,
253 3113 364 3207 loidqs
378 3137 441 3202 pro
459 3114 556 3181 ludos
570 3116 649 3203 (vid.
664 3116 856 3182 Schneideri
871 3118 984 3182 Gram.
1006 3123 1034 3180 1.
1058 3137 1093 3200 p.
1110 3112 1177 3201 83.)

119 3280 122 3285 Ι
160 3200 329 3284 etnicis,
350 3200 664 3288 sicutquoifactum
681 3212 730 3266 est
756 3202 822 3268 cui.
864 3201 999 3268 Dativus
1021 3222 1099 3265 vero
1123 3198 1178 3263 di·

157 3286 316 3380 rectionem
342 3289 390 3352 rei
416 3288 565 3375 agendae
590 3298 622 3352 et
647 3287 778 3369 locum,
808 3306 876 3375 quo
906 3286 985 3386 quid
1016 3284 1178 3372 dirigitur,

114 3416 121 3455 ι
155 3370 314 3459 significat,
333 3371 613 3459 quemadmodum
636 3372 775 3446 dicimus
799 3372 890 3440 caelo
913 3393 975 3437 cre.
1017 3371 1086 3434 Nec
1113 3371 1178 3434 mi-

114 3484 118 3493 ·
154 3474 214 3520 rum
227 3456 331 3524 videri
347 3468 473 3544 potest,
497 3469 620 3526 veteres
635 3457 767 3531 Latinos
786 3459 849 3523 boc
864 3468 934 3606 ιΓοό
960 3457 1025 3527 lauc
1048 3454 1178 3534 diuisae,

114 3558 239 3641 'quum
263 3542 393 3614 ablativi
413 3553 454 3618 et
468 3541 567 3608 dativi
586 3541 715 3608 formae
738 3562 862 3629 quomo
886 3566 908 3605 o
928 3540 969 3605 ad
995 3562 1096 3614 unam
1121 3563 1178 3606 ra-

152 3632 264 3693 bonem
279 3637 313 3692 et
329 3627 490 3715 originem
503 3639 710 3710 revocantur,
725 3647 825 3695 nemo
841 3649 911 3693 non
927 3624 1067 3712 ignoret,
1101 3624 1179 3692 Huc

155 3710 163 3724 ’
181 3714 239 3778 ‘tur
254 3724 287 3779 et
300 3713 364 3778 lucc
380 3713 531 3780 adverbia
546 3712 720 3779 factasunt
735 3735 777 3778 ex
798 3713 891 3793 Ιιοίο,
913 3734 974 3776 nec
999 3711 1179 3798 quidquam

141 3734 269 3882 ffistat,
292 3799 372 3887 quin
388 3800 485 3868 etiam
501 3798 681 3864 secundum
697 3801 849 3888 antiquae
864 3798 993 3886 liuguae
1014 3798 1179 3863 rationem

146 3895 318 3972 utrumque
334 3882 374 3949 ad
391 3885 565 3953 ablativum
583 3884 776 3952 referamus.
818 3885 867 3950 ita
882 3904 951 3948 non
969 3884 1071 3948 modo
1087 3881 1178 3954 illuc.

144 3971 310 4036 sedetiam
329 3968 391 4037 iilo
414 3971 608 4058 opponitur.
648 3973 735 4037 Haec
758 3973 822 4036 iam
843 3970 1031 4035 Perizonius
1054 3989 1180 4055 cogno·

143 4057 188 4161 vit
203 4055 244 4124 ad
262 4056 384 4126 Sanctii
400 4057 483 4134 Min.
502 4056 545 4124 Τ.
564 4063 594 4124 1.
611 4062 728 4132 croc.
771 4054 870 4123 rani.
887 4072 971 4134 Qvo.
1098 4076 1100 4081 ’
