2632 4770
88 314 119 322 ,,
184 251 249 328 tra
685 250 764 320 ut..
967 336 969 343 ,

91 359 102 368 -
257 457 260 460 .
292 407 435 466 Notnniue
451 366 515 462 runt
536 408 591 460 hae
615 406 722 460 formae
738 404 855 476 Quintil.
871 405 898 475 9,
916 405 1003 476 Lali.
1026 411 1118 468 caten
1141 390 1202 472 runt
1220 415 1252 470 in
1275 419 1280 426 '

255 499 364 553 Oratore
383 497 509 565 plurima.
536 493 563 559 9,
576 494 602 559 8,
619 493 662 550 lu.
684 495 806 548 Catullus
818 493 846 547 in
860 496 1054 566 Epithalamio.

291 599 408 668 Quintil.
423 596 449 663 9,
467 596 494 660 11,
509 596 554 650 45.
572 599 637 650 oicut
654 599 683 649 in
701 598 880 666 geminatione
896 579 1030 654 aeriorum
1045 602 1165 656 tlieimun
1186 601 1205 656 i.
1225 598 1264 658 0.

253 687 282 741 iu
300 688 379 749 locu,
395 683 442 763 qai
461 689 502 736 eet
516 684 550 735 (le
570 682 757 752 geminatione
777 682 936 737 verborum.
1014 728 1019 743 ,,

271 829 324 888 37.
347 818 573 908 Exposuimus
598 820 670 885 Vol.
693 825 723 884 1.
746 843 782 908 p.
797 821 871 886 409.
890 820 1054 888 rationem
1070 846 1157 905 usus,
1180 847 1250 912 quo

185 921 360 977 auctorum
378 908 515 971 nomina
535 905 723 971 afferuntur
744 930 806 993 per
831 909 1115 995 praepositionem
1139 912 1251 998 apud.

186 994 322 1061 Barbari
344 994 459 1057 dicunt
483 993 540 1055 in.-
562 993 663 1056 vcluti
684 991 723 1057 ia
749 991 913 1058 Cicerone
937 993 1067 1082 legitur
1090 999 1152 1062 leae
1171 1021 1251 1063 oer-

183 1080 272 1147 loum.
316 1081 435 1165 Poppo
452 1088 561 1142 autem
579 1080 613 1142 in
632 1078 744 1142 illaria
762 1076 964 1144 scholaste.
984 1087 1076 1150 1831.
1098 1081 1132 1171 p.
1149 1090 1250 1150 1032.

70 1211 73 1223 ,
182 1189 250 1233 uuo
269 1165 466 1246 Quintiliani
489 1163 682 1245 loco>9,4,
702 1167 753 1229 18.
783 1165 1128 1267 (10110111111110010
1151 1181 1250 1257 putat

90 1266 92 1273 '
183 1255 281 1319 etium
305 1253 341 1316 in
361 1273 436 1314 cum
454 1250 647 1314 nominibus
666 1261 840 1315 auctorum
863 1254 1033 1352 coniungi.
1078 1258 1119 1320 At
1145 1257 1249 1322 verba

177 1340 221 1404 ⁴in
237 1335 412 1412 Herodoto
429 1370 471 1384 -
487 1336 606 1400 onznia
634 1335 758 1400 leniter
771 1335 904 1426 slunnt.
935 1339 1108 1429 designant
1134 1344 1248 1407 totum

180 1425 411 1502 Herodotum,
436 1444 505 1485 non
533 1422 677 1508 aliquem
703 1421 828 1486 librum
853 1423 933 1489 eius.
983 1428 1052 1493 Nec
1076 1426 1204 1492 aberrat
1229 1453 1248 1494 a

181 1511 296 1599 regula
317 1507 553 1601 Quintilianus,
579 1521 683 1597 quum
702 1508 782 1574 dicit
799 1512 839 1591 9,
858 1514 898 1588 2,
923 1514 974 1576 13.
992 1513 1095 1603 apud
1114 1512 1156 1579 V
1152 1516 1247 1602 irgi-

95 1593 99 1600 ’
181 1598 267 1664 lium
284 1597 321 1660 in
337 1590 542 1659 Butolt'cisae'·

264 1729 316 1790 38.
348 1723 565 1789 Grammatici
589 1746 657 1789 non
689 1727 788 1814 pauci
819 1735 1079 1814 praeceperunt,
1116 1727 1155 1789 in
1187 1725 1248 1790 de-

180 1833 310 1903 signare
329 1819 361 1875 et
379 1810 639 1897 instrumentum
656 1822 688 1877 ct
712 1835 869 1877 caussam.
914 1814 1045 1876 Curtius
1069 1809 1150 1874 adeo
1179 1814 1248 1877 do-

180 1902 247 1967 cuit
262 1899 302 1964 ad
323 1893 443 1961 [acan.
459 1894 492 1978 8,
508 1901 583 1964 862.
610 1909 642 1962 01
667 1897 707 1962 ad
726 1905 758 1978 2,
774 1901 849 1960 264.
874 1897 911 1960 iro
927 1918 990 1983 pro
1009 1895 1052 1959 al>
1075 1902 1247 1983 usurpari.

179 1990 228 2085 111
246 2007 358 2050 caussa
382 1980 583 2071 exprimitur
603 1983 743 2048 ablativo
767 2003 862 2045 casu:
886 1983 1013 2046 etiamsi
1033 1980 1163 2062 Latini,
1185 1984 1247 2048 ubi

8 2090 12 2095 ’
74 2125 76 2128 .
180 2070 328 2139 caussam
356 2073 501 2156 cogitare
528 2064 707 2149 debebant,
731 2089 827 2153 saepe
851 2089 923 2130 eam
940 2067 985 2131 'ad
1012 2067 1245 2136 conditionem

178 2159 228 2225 rei
253 2157 461 2236 referebant,
482 2157 620 2243 ideoque
645 2154 886 2239 inponebant.
930 2153 1046 2240 Neque
1070 2154 1164 2219 aliter
1188 2157 1245 2218 in-

180 2255 417 2309 strumentum.
467 2242 503 2306 td
535 2233 641 2323 enlm,
679 2238 769 2323 quod
801 2261 862 2326 per
894 2239 1018 2326 aliquid
1049 2239 1103 2318 111,
1141 2242 1243 2306 etiam

179 2341 292 2419 potest
320 2330 385 2394 dici
414 2327 486 2392 fieri
516 2326 553 2388 in
578 2347 634 2403 ea,
669 2324 802 2417 quaudo
838 2316 950 2389 ciussa
982 2328 1016 2389 in
1047 2327 1242 2392 conditione

127 2412 131 2424 ’
178 2406 437 2521 reljjtonsllaest,
461 2409 560 2476 veluti
572 2405 812 2498 fatigata-etin
828 2404 945 2488 aaron,
971 2422 1093 2476 autres
1116 2413 1154 2499 ¹in
1179 2415 1242 2479 alia

178 2512 216 2569 'r'e
233 2501 397 2567 contineri
416 2497 552 2570 dicitur,
571 2509 629 2573 ¹aut
648 2520 700 2561 res
717 2499 926 2578 nominatur,
951 2499 984 2562 in
1006 2520 1070 2585 qua
1090 2509 1241 2564 tractan-

136 2603 140 2607 ’
173 2576 368 2677 'tta'it‘i‘quts
390 2583 440 2648 vel
463 2583 637 2648 sentiendo
658 2585 708 2650 vel
731 2584 860 2672 agendo
888 2594 1053 2651 versaturz
1079 2585 1179 2650 veluti
1201 2587 1271 2650 in*

180 2675 299 2764 aliqua
318 2667 550 2739 redelectari.

271 2796 417 2872 19011102,
435 2797 520 2862 111.
538 2817 569 2850 ne
585 2800 733 2867 incorpore
748 2798 849 2865 infirmo
865 2800 961 2868 diroque
982 2800 1011 2851 in
1036 2797 1146 2850 aduersa
1167 2800 1239 2852 uale-

199 2880 202 2886 ’
246 2890 338 2945 tudine
359 2885 481 2938 (chatate
502 2883 651 2962 (ducatup).
686 2884 792 2952 leian.
809 2885 838 2936 in
855 2884 918 2953 utg.
936 2881 1034 2949 tum,
1051 2883 1076 2934 3.
1095 2884 1118 2935 si
1135 2885 1190 2950 quis
1209 2883 1237 2934 in

127 3019 138 3042 x
247 2972 327 3043 gravi
347 2967 492 3021 matutine
510 2968 627 3034 affectus.
664 2969 707 3021 Ci.
724 2969 847 3039 Scioppii
863 2969 990 3023 Verisim.
1008 2970 1033 3034 1,
1047 2968 1073 3020 4.
1091 2977 1119 3022 et
1134 2969 1237 3020 Duker.

249 3057 283 3108 de
308 3055 397 3108 Latin.
418 3058 474 3103 vet.
497 3051 592 3102 iuriec.
617 3070 643 3120 p.
658 3053 720 3107 350.
738 3056 849 3107 Patron.
870 3053 902 3120 6,
920 3054 945 3106 4.
970 3057 1058 3123 itaque
1081 3071 1238 3122 quocumque

230 3131 329 3194 'ierom
345 3138 434 3190 eodem
451 3139 613 3201 revertebar,
634 3140 712 3191 donec
733 3140 760 3191 in
782 3158 858 3192 eursu
877 3140 1016 3209 fatigatus
1032 3146 1057 3192 et
1072 3142 1165 3191 sudore
1186 3140 1241 3190 iam

202 3258 219 3271 2
246 3227 356 3295 madano
379 3222 472 3274 accedo
489 3223 622 3275 aniculam
639 3227 787 3291 quamdam.
829 3224 885 3277 11111
906 3224 971 3276 libri
994 3242 1070 3276 cursa
1088 3227 1109 3289 f
1141 3224 1146 3237 '
1169 3231 1239 3286 atus,

248 3308 319 3377 quod
345 3306 479 3374 quomodo
500 3307 661 3360 concinnius
684 3309 773 3361 videri
795 3308 897 3376 possit,
918 3327 972 3360 non
995 3296 1155 3375 perspici
1181 3307 1240 3358 Sed

249 3393 344 3446 Cicero
362 3391 390 3443 ia
406 3391 502 3459 Topic.
520 3391 564 3458 29,
582 3392 626 3445 ll.
642 3411 695 3446 non
711 3392 820 3461 scripsit
833 3395 862 3445 in
876 3394 936 3462 igni
954 3392 1087 3462 fatigati,
1106 3395 1135 3441 ut
1150 3389 1239 3442 refert

179 3517 182 3520 -
247 3476 418 3541 Richardur,
437 3477 484 3529 sed
500 3479 567 3548 igni.
603 3479 664 3530 Vol.
679 3479 754 3531 Max.
779 3478 805 3542 1,
817 3476 844 3543 8,
857 3477 883 3529 9.
902 3497 938 3530 au
959 3478 987 3529 in
1007 3477 1059 3528 iota
1074 3477 1189 3540 flamma
1207 3474 1239 3524 C.

169 3584 176 3597 =
246 3562 383 3627 Pompeius
398 3570 533 3616 cremetur.
568 3565 611 3616 lta
627 3563 738 3630 quidam
753 3562 838 3626 libri,
858 3581 909 3614 nec
930 3561 1019 3623 male,
1039 3557 1087 3610 sed
1109 3558 1168 3608 alia
1189 3574 1238 3609 ra-

246 3644 337 3708 tione,
365 3638 454 3714 ‘quam
482 3647 530 3715 qui
566 3648 670 3701 habeut
697 3650 749 3700 ieta
765 3652 888 3715 flamma.
933 3647 1086 3714 Wagnerus
1117 3643 1237 3708 fallitur,

247 3746 331 3797 quam
347 3733 419 3799 apud
438 3731 495 3783 (lic.
513 3732 547 3782 de
562 3733 630 3800 Leg.
644 3731 677 3796 2,
690 3730 722 3796 9,
738 3731 780 3784 22.
797 3733 951 3801 popularem
970 3730 1099 3795 laetitiam
1114 3730 1143 3779 in
1157 3736 1236 3782 cantu

246 3821 273 3890 et
288 3816 384 3874 titilius
399 3824 424 3870 et
438 3817 507 3887 tiliis
522 3819 678 3870 moderante.
706 3817 850 3868 delendam
867 3819 945 3883 putat
959 3813 1202 3884 praepositionem.

278 3917 500 3986 vagillant,
518 3917 579 3971 175.
599 3920 757 3988 concepitque
778 3920 868 3987 ignem
884 3917 962 3983 soliis
985 3925 1063 3984 atque
1086 3918 1164 3969 arida
1184 3917 1236 3969 cir-

223 3990 227 4020 *
245 3997 304 4052 cum
318 4004 476 4056 nutrimenta
492 4005 581 4068 dedit,
601 4007 738 4073 rapuitque
761 4003 791 4054 iu
802 4003 897 4070 fomite
907 4005 1055 4073 flammam.
1088 3999 1235 4071 intelligor
1300 4024 1305 4032 s

190 4160 192 4163 Ι
245 4083 274 4140 in
288 4086 385 4144 fomite
401 4087 502 4158 raptim
519 4088 651 4145 excitarit
665 4089 816 4145 flammam
