2632 4770
572 249 631 319 IN.
647 274 651 281 ·
1072 259 1135 329 248

70 407 107 473 in
126 428 161 471 n.
182 410 215 469 7.
259 406 302 470 At
317 425 383 491 pro
399 403 572 492 imprimis
587 403 709 490 legitur
730 403 819 491 apud
845 406 913 473 Cic.
938 408 979 476 de
1001 410 1081 491 Nats
1103 414 1137 483 d.

73 501 111 572 1,
138 498 175 570 1,
199 497 231 555 2.
257 489 347 576 quod
370 512 447 555 vero
471 490 622 554 maxime
641 512 715 553 rem
732 513 955 581 caussamque
972 500 1136 584 continet,

72 590 189 643 utrum
205 575 296 641 ninii
311 586 425 661 agunt
444 612 489 625 --
513 600 561 641 un
581 588 704 662 contro
723 573 767 640 ab
781 575 836 639 tis
859 589 893 641 et
916 603 939 643 o
959 585 1136 672 principio

74 663 192 731 omnio
206 660 306 747 facto
325 672 358 725 et
374 661 560 724 constituto
577 660 647 726 sint
668 663 729 740 -‘-,
749 661 985 750 imprimisque
1000 692 1136 757 magno

77 749 242 814 dissensio
260 758 321 812 est.
366 745 502 813 Dictum
519 757 635 833 putent
661 747 886 831 grammatici,
912 761 949 828 ut
969 754 1136 843 hodieque

98 858 136 900 ro
153 833 275 906 lindie,
298 832 338 894 de
361 853 428 917 quo
449 853 511 895 suo
529 832 606 896 ioco
626 834 704 895 satis
727 833 928 917 expositum.
972 840 1135 927 Wytten·

70 859 225 1005 incidas,
249 915 397 981 Wolfius
416 917 535 1002 aliique
551 917 737 1004 exstirpant
753 917 836 982 iliud
857 941 937 1006 qius,
964 926 1056 1010 quod
1072 929 1134 994 etsi

71 1008 217 1073 alienum
244 1003 283 1067 ab
308 1024 370 1067 usu
394 1003 580 1084 Ciceronis,
600 1013 713 1067 tamen
747 1003 834 1069 unde
857 1007 1002 1091 venerit,
1030 1034 1133 1079 nemo

75 1089 328 1157 demonstravit.
387 1088 544 1175 Reliquae
581 1086 832 1181 emendationes,
862 1094 978 1158 omnes
1010 1097 1133 1164 nullius

71 1179 163 1264 frugi
183 1198 252 1241 csse
268 1175 442 1249 videntur,
464 1184 707 1262 praeteream,
731 1194 830 1259 quam
846 1176 1017 1257 Ernestius
1037 1184 1135 1250 inve-

68 1265 138 1343 nit,
163 1262 375 1326 nuncetiam
401 1260 552 1325 Creuzeri
578 1260 690 1324 codice
715 1257 891 1326 firmatam.
943 1265 1134 1337 Praemissis

70 1350 159 1415 enim
178 1347 283 1411 verbis
300 1346 405 1433 deque
420 1346 473 1410 isis
489 1369 625 1411 summo
635 1345 921 1433 philosophorum
944 1349 1159 1420 dissensio?

71 1460 114 1501 ne
140 1445 292 1498 certatur
316 1454 386 1495 non
411 1431 487 1497 satis
517 1443 593 1519 apte
627 1433 795 1496 adduntur
824 1433 924 1498 verba
959 1436 1132 1525 imprimis

68 1543 205 1607 magun
223 1518 390 1582 dissensio
407 1531 467 1584 est.
513 1518 576 1584 Sed
595 1518 711 1584 Cicero
729 1519 870 1583 mutavit
892 1525 1077 1589 oraticnem
1094 1527 1132 1592 in

69 1606 157 1672 hanc
180 1605 399 1669 sententiam:
424 1603 513 1690 quod
546 1625 623 1667 vero
648 1603 796 1667 maxime
817 1625 890 1668 rem
917 1627 1064 1675 caussam
1090 1632 1134 1682 ue

71 1693 238 1770 continet,
269 1687 348 1775 (hoc
375 1687 458 1773 est,)
486 1699 600 1752 utrum
625 1686 709 1758 nihil
732 1697 829 1774 agunt
852 1689 915 1765 dii,
946 1713 986 1756 an
1012 1694 1052 1759 ab
1104 1699 1131 1773 is

71 1778 184 1842 omnia
203 1787 360 1860 regantur
377 1786 475 1859 atque
498 1784 712 1850 momontum
738 1774 973 1864 imprimisque
996 1790 1152 1868 mugno‘

71 1862 238 1928 dissensio
254 1871 305 1924 est
325 1882 377 1931 eu,
404 1882 490 1947 quus
505 1860 576 1924 nisi
590 1858 799 1925 diiudicetur
813 1860 851 1924 in
866 1883 998 1928 summo
1015 1888 1132 1935 erroro

69 1969 206 2014 necesse
222 1957 272 2009 est
286 1944 439 2011 homines
454 1956 556 2036 cique
572 1945 609 2012 in
628 1946 863 2012 maximarum
886 1969 1004 2014 rerum
1025 1952 1132 2041 igno-

66 2033 208 2102 rntionc
224 2029 365 2097 uersari.

547 2203 642 2293 IN.
719 2252 721 2255 ·

152 2387 326 2455 Plurimae
352 2384 484 2475 linguae
520 2370 709 2472 congrunnt
738 2388 772 2453 in
810 2390 1143 2482 praepositionem

69 2473 207 2562 eiusque
223 2475 333 2539 formo
350 2495 386 2537 ac
403 2473 662 2538 constructione.
707 2474 779 2538 Vna
796 2477 884 2542 enim
911 2501 990 2545 voce
1012 2490 1046 2544 et
1061 2480 1130 2545 sta-2
1231 2556 1234 2561 ¹

72 2573 143 2627 tum
162 2564 194 2627 in
216 2561 325 2646 aliquo
341 2559 416 2623 loco
439 2568 623 2622 etinctum
646 2558 683 2622 in
703 2558 846 2645 aliquem
870 2563 982 2629 locum
1004 2564 1132 2654 signifi-

72 2659 167 2726 cant,
193 2647 358 2733 siquidem
383 2646 586 2711 Graecorum
611 2645 654 2719 εἰς
677 2647 828 2710 eamdem
851 2646 1014 2735 originem
1037 2651 1131 2717 duxit

70 2757 112 2800 ex
128 2736 194 2813 ἒνς,
216 2733 307 2796 unde
324 2730 501 2796 factasunt
519 2731 551 2794 ἐν
567 2742 599 2794 et
616 2731 671 2794 εἰν.
719 2731 791 2794 Vid.
806 2732 965 2800 Matthiae
981 2735 1131 2802 Gramm.

69 2844 120 2910 gr.
142 2825 216 2896 578,
238 2825 267 2883 1.
289 2829 322 2881 et
340 2816 450 2881 Carol.
477 2816 581 2881 Gout.
608 2814 784 2880 Schmidtii
805 2816 939 2899 Quaest.
967 2820 1007 2885 de
1030 2822 1132 2886 Prae-

69 2907 170 2995 po‘sit.
187 2905 310 2993 graecis
329 2926 362 2992 p.
373 2907 404 2968 8.
428 2902 538 2968 Latini
553 2902 591 2967 in
599 2923 663 2989 pro
684 2904 726 2982 ἐν,
743 2901 832 2968 endo
848 2929 911 2993 pro
929 2907 1018 2972 ἔνδον
1033 2906 1132 2971 dixe-

68 3003 167 3070 runt,
198 2993 322 3077 dequo
348 2988 414 3055 vid.
435 2988 586 3052 Tomi.
634 2992 734 3054 .878.
762 2990 868 3055 Haec
896 3012 973 3058 vero
996 3004 1131 3080 etymo·
1158 2998 1162 3004 '
1191 3060 1194 3065 ,

69 3078 179 3162 lagiae
200 3076 413 3140 fundamenta
438 3095 507 3139 non
529 3009 729 3138 satisiitcient
753 3075 792 3141 iis
818 3078 894 3142 viris
919 3078 1046 3159 doctis,
1072 3078 1132 3166 qni

68 3164 225 3228 omnium
250 3160 491 3225 vocabulorum
517 3158 643 3224 semina
672 3182 714 3224 ex
740 3159 902 3228 Indorum
936 3163 1130 3250 regionibns

67 3257 254 3332 apportare
277 3245 408 3309 solents
440 3265 642 3332 quamquam
664 3244 730 3331 ipsi
749 3269 868 3335 magna
901 3249 1133 3337 desperatione
1156 3278 1165 3298 ν

69 3330 284 3407 afficiuntur,
305 3349 410 3416 quum
428 3330 557 3403 vident,
582 3330 621 3394 in
647 3338 680 3394 et
702 3332 736 3396 ἐν
754 3352 825 3397 non
849 3332 945 3400 focile
969 3358 1068 3422 poue
1088 3356 1133 3400 ex

69 3418 186 3485 indico
205 3414 300 3480 fonte
319 3416 470 3480 derivari.
514 3414 598 3479 Nam
614 3413 706 3500 quod
723 3414 873 3484 Lischius
895 3423 931 3485 in
951 3421 1070 3486 libello
1091 3421 1134 3486 dc

69 3501 380 3591 Praepositionibus
394 3498 557 3566 invenisse
574 3498 638 3564 sibi
651 3499 738 3564 visne
759 3512 846 3584 erat,
867 3506 905 3569 in
927 3528 998 3570 csse
1019 3507 1133 3575 inver-

28 3646 31 3651 .
72 3611 148 3654 sum
164 3589 203 3653 ni
223 3588 368 3652 indicum
378 3636 388 3669 ‚
410 3584 559 3673 Boppius
574 3583 738 3682 quolissit
754 3586 851 3652 huius
867 3591 1060 3658 eruditionis
1077 3610 1151 3658 ver
1181 3641 1183 3645 ν

68 3676 150 3742 ritas
172 3674 315 3753 declarat
331 3675 366 3737 in
392 3671 545 3737 Gramm.
569 3681 717 3735 sanserit.
739 3694 773 3738 n.
792 3680 863 3738 111.
887 3675 1133 3760 demonstrans,

70 3760 152 3826 illud
176 3760 215 3824 ni
241 3757 427 3844 significare
456 3757 638 3835 deorsum„
659 3754 732 3820 sub.
781 3757 985 3827 Schmidtius
1010 3774 1133 3845 autem,
1159 3805 1164 3809 -

71 3846 221 3911 indicum
257 3857 363 3910 uritur
397 3865 619 3932 comparans,
650 3839 769 3921 habet,
807 3867 873 3931 quo
898 3851 1133 3936 cognationem

72 3932 281 3996 demonstret
296 3929 477 3997 verborum
491 3928 731 3995 diversissimae
747 3929 995 4016 significationis
1011 3936 1062 4012 tv,
1084 3934 1133 4011 in,

71 4012 160 4095 duci,
191 4026 282 4080 unte.
331 4016 398 4082 Sed
419 4015 571 4105 Bappins
603 4014 854 4083 inflamment.
887 4020 963 4084 Soc.
984 4019 1159 4101 Bcrolin„
1243 4104 1245 4109 Ι
1311 4071 1313 4076 .

72 4101 154 4171 anni
170 4105 264 4175 182⁶.
282 4122 318 4190 p·
332 4104 376 4171 86
392 4112 426 4173 et
439 4105 498 4173 92.
509 4100 609 4177 dccet
621 4098 669 4169 in·
683 4098 1016 4254 etzilprpnominals
1035 4102 1133 4172 annu
1241 4162 1243 4167 ,
