2632 4770
593 249 686 317 utun
1100 263 1158 335 121
1265 214 1267 221 Ι

132 398 147 434 s
172 409 238 462 buia
252 403 435 459 dauntoicuti
452 403 538 460 multis
558 403 615 457 iam
637 411 701 458 oute
724 405 876 459 caecutiret
899 407 1005 466 Pliilisto
1024 410 1162 481 Sqracrmu

174 502 200 547 ct
215 492 268 562 ipsi
286 484 454 558 lbuoqdidia·
471 490 506 542 nd
519 491 575 541 ntt.
590 487 617 552 l,
631 485 656 540 4.
688 490 756 556 quod
769 489 901 554 mibi„ia'm
917 500 978 544 oute
993 503 1048 546 erat
1062 489 1163 551 uotum.

178 579 213 630 de
229 575 329 643 lanz,
347 575 392 641 22,
407 575 451 628 68.
495 574 538 625 cf.
561 568 681 639 Gronov.
704 573 738 626 ud
761 573 822 625 niv.
844 573 958 639 21,29,
973 575 998 629 8.
1032 579 1093 631 niv.
1118 581 1161 646 27,

177 661 222 727 41,
237 659 264 713 9.
283 662 346 712 alter
359 662 388 712 iu
404 660 539 712 destinatis
562 659 616 711 ium
639 663 702 710 oute
722 658 809 711 auimo
831 659 934 710 latebrie
949 662 1069 716 subsedit.
1104 665 1162 721 Cic.

129 798 132 803 .
178 749 214 802 ud
230 747 309 800 Fam.
324 743 351 808 3,
371 743 414 808 10,
430 741 472 794 14.
493 746 567 796 euius·
579 759 660 794 samo
676 730 765 795 stultos
780 750 804 794 et
816 744 924 810 puerilis
945 751 1002 795 erat
1015 747 1071 798 iam
1083 758 1164 804 autea

135 825 139 833 ¹
180 835 216 887 ad
235 849 276 887 me
298 849 317 882 a
331 829 369 882 Μ.
388 829 473 880 Coelio
490 855 521 867 -
539 828 700 897 perscriptus.
729 826 846 879 Sallust.
869 827 928 878 Cat.
952 824 994 889 20,
1009 825 1033 879 5.
1051 833 1096 882 red
1114 852 1163 903 ego

99 942 101 947 ·
182 905 248 988 quae
267 921 351 968 meatu
373 912 499 982 agitari,
524 928 607 973 amires
630 912 685 962 iam
704 920 785 983 antea
809 913 903 964 divorsi
922 915 1040 966 audura
1071 914 1121 982 29,
1137 919 1163 971 1.

213 1021 272 1072 Iam
289 1016 431 1084 aliquoties.
467 1012 635 1075 Ciuudrltt.
650 1010 677 1078 3,
693 1011 737 1066 22.
753 1031 794 1066 me
810 1016 896 1067 adlice
912 1016 1032 1068 Plancius
1046 1019 1163 1074 liberali·
1267 1031 1270 1034 '

181 1113 237 1160 tate
254 1121 303 1155 sua
318 1101 424 1163 refluet,
441 1099 495 1149 iam
511 1098 646 1163 aliquoties
661 1106 778 1150 nouatum
793 1100 831 1153 ire
850 1101 878 1150 ia
899 1101 1016 1167 Epirum.
1043 1101 1072 1154 iu
1086 1103 1164 1157 Verr.

101 1220 104 1225 ·
183 1182 241 1244 Aet.
257 1189 283 1251 1,
302 1184 344 1249 16,
360 1181 403 1234 49.
418 1201 462 1236 uos
481 1183 577 1249 aliquot
594 1183 648 1246 iam
667 1200 716 1252 per
732 1199 813 1234 aureos
826 1192 984 1250 conceptum
1005 1186 1064 1239 liuic
1077 1191 1164 1242 ordiai

125 1343 127 1347 ι
187 1271 461 1348 turpitudiacmatque
476 1268 615 1334 iufamium
629 1268 712 1321 delere
728 1283 759 1318 ac
773 1269 860 1320 tollore
872 1271 984 1336 potentie.

218 1377 274 1428 lam
289 1375 374 1425 olim.
396 1369 508 1422 Terent.
528 1368 597 1422 Eun.
611 1368 637 1434 3,
653 1367 680 1433 5,
695 1367 738 1422 38.
757 1376 782 1421 ct
803 1371 865 1436 quia
891 1371 1046 1426 consimilem
1068 1375 1164 1431 lueemt
1230 1439 1232 1447 y

192 1462 235 1513 iem
257 1460 320 1510 olim
341 1457 386 1508 ille
413 1457 516 1518 ludum,
543 1455 672 1522 impendio
692 1456 781 1524 magis
804 1456 907 1506 animus
934 1457 1068 1524 gaudebat
1090 1462 1164 1514 mibi.

193 1543 281 1613 virgil.
299 1540 392 1605 (10.2,
404 1540 463 1593 396.
483 1556 514 1615 oq
529 1540 584 1591 iam
607 1539 685 1603 olim,
701 1556 775 1591 ierac
791 1540 876 1607 posuit
894 1556 972 1606 quum
993 1542 1070 1594 uinea
1085 1551 1166 1612 sroa-

158 1647 161 1654 ·
195 1631 239 1694 dic,
253 1627 376 1697 frigidus
399 1631 424 1677 et
447 1624 519 1675 siluis
540 1624 630 1692 aquilo
657 1624 764 1676 decussit
785 1625 925 1688 lionurem,
953 1624 1008 1676 iam
1027 1634 1084 1678 tum
1107 1647 1166 1683 acer

195 1730 260 1766 coras
273 1710 417 1764 uenientem
434 1710 546 1762 extendit
560 1710 588 1760 ia
605 1727 701 1760 uanum
715 1709 833 1760 rusticus.
1048 1773 1049 1777 Ἰ

217 1817 271 1885 lom
285 1814 396 1884 pridem.
430 1812 497 1864 Vide
512 1811 540 1864 in
554 1827 673 1866 Pmoun.
707 1812 764 1864 lam
779 1812 825 1864 diu
840 1810 903 1862 vido
919 1809 998 1863 Tom.
1013 1809 1040 1864 2.
1060 1829 1087 1880 p.
1100 1812 1164 1868 287.

125 1884 140 1895 '¹
196 1900 244 1954 lom
260 1901 360 1953 dudum
375 1898 437 1950 vide
451 1897 534 1950 infru.
557 1917 562 1930 .
633 1906 639 1924 *
912 1911 915 1921 ·

159 2002 162 2009 ’
225 2006 279 2056 lam
295 2003 408 2056 taudem.
444 2000 502 2053 Cic.
524 2001 623 2069 ugron
643 1999 670 2064 2,
686 1998 730 2064 ab,
746 1998 807 2051 103.
830 2000 966 2068 confirmo,
984 2017 1024 2052 me
1044 2019 1094 2055 esse
1106 2021 1167 2072 per.

110 2132 114 2147 .
194 2093 331 2157 sectorum,
349 2095 379 2138 ut
403 2087 457 2138 iam
481 2087 588 2141 taudem
610 2086 664 2159 illi,
683 2086 727 2152 qui
749 2085 842 2138 honori
862 2086 1006 2137 inviderunt
1026 2103 1096 2151 meo,
1115 2095 1168 2140 tu-.

199 2192 247 2228 meu
263 2192 309 2225 uos
323 2172 455 2222 uniuersos
467 2171 495 2221 iu
513 2170 614 2221 consule
629 2171 767 2239 deligenda
787 2169 930 2239 plurimum
950 2170 1046 2247 uidisse
1056 2177 1168 2240 fatean-

198 2265 241 2310 tur.
272 2255 370 2325 virgil.
387 2255 454 2306 Aen.
468 2252 493 2317 6,
515 2253 558 2306 61.
574 2256 630 2306 iam
643 2256 748 2306 taudem
766 2255 861 2308 Italiac
875 2254 1007 2324 fugientio
1018 2256 1168 2324 prendimus

200 2359 259 2395 orac.
281 2340 325 2404 16,
341 2337 400 2392 896.
418 2339 461 2405 12,
477 2336 537 2392 497.

229 2447 283 2497 lum
298 2445 414 2513 denique.
440 2418 657 2512 uirgunonsz,
674 2440 718 2496 tu.
735 2442 799 2512 quid
811 2441 866 2494 iam
880 2443 972 2496 misero
987 2441 1052 2493 mibi
1062 2444 1169 2512 denique

204 2538 272 2584 tutat
281 2531 297 2583 7

216 2654 258 2715 14.
285 2650 364 2715 Iam
397 2660 469 2724 tum
497 2649 681 2735 opponitur
704 2647 883 2734 posteriori
909 2649 960 2712 vel
993 2650 1170 2715 recentiori

151 2738 285 2818 tempori.'
323 2718 443 2818 Helii]
465 2745 554 2799 otest
573 2735 623 2798 v'el
640 2755 700 2820 per
721 2734 836 2825 gleicle
856 2733 1011 2813 damula,
1038 2734 1087 2800 vel
1109 2758 1170 2822 per

152 2819 232 2884 celion
246 2820 391 2898 domui,
437 2757 547 2900 gerere
574 2842 616 2884 ex
644 2820 780 2882 adverso
804 2822 940 2906 ponitur
959 2832 1054 2905 post,
1068 2833 1169 2905 post-

152 2905 246 2970 modo:
266 2919 297 2972 et
314 2906 442 2969 additur
457 2906 618 2992 temporis
638 2905 784 2969 definitio
801 2906 906 2969 verbis
928 2928 1046 2993 quum,
1069 2906 1169 2971 dum:

151 2995 276 3057 nec'raro
294 2992 484 3077 intelligitur
499 3003 628 3078 tempus
647 2993 871 3079 praeteritum,
894 3014 934 3055 ex
959 3012 1025 3076 quo
1047 2991 1170 3073 aliquid
1248 3051 1249 3054 ,

152 3069 335 3142 fierisoleot.
379 3077 486 3141 Alium
515 3099 664 3151 sensum,
708 3100 775 3162 quo
806 3077 879 3140 iam
908 3089 979 3140 tum
1012 3076 1172 3162 significat

155 3179 183 3220 eo
196 3161 257 3246 ipso
275 3177 434 3248 tempore,
449 3162 564 3250 gracie
584 3161 732 3239 clumals,
750 3172 842 3225 untes
862 3185 894 3225 n.
914 3170 943 3226 1.
967 3167 1171 3227 'memoravi-

153 3262 227 3322 mus,
250 3262 281 3312 et
304 3273 338 3313 n.
359 3252 407 3313 15.
431 3249 637 3325 notabimus,
662 3249 831 3333 quomodo
858 3248 984 3313 dicotur
1002 3248 1042 3310 dc
1065 3249 1172 3314 initio,
1275 3307 1279 3317 .

151 3330 339 3420 Antiquiores
357 3334 532 3421 scriptores
549 3334 749 3420 scripserunt
765 3334 837 3396 ium
860 3344 951 3414 tum,
973 3335 1171 3420 recentiores

151 3416 229 3482 etiem
251 3422 441 3484 irim-tunc:
465 3441 664 3504 quumquom
691 3420 725 3484 in
748 3419 799 3483 his
822 3418 920 3487 rebus
944 3442 1014 3487 nou
1051 3443 1171 3507 mogun

151 3512 191 3567 est
203 3506 379 3571 editionum
401 3508 586 3591 auctoritas.

232 3626 290 3681 biv.
307 3624 350 3689 29,
367 3624 392 3689 1,
408 3624 434 3678 6.
452 3626 475 3678 si
492 3625 538 3693 qui
551 3625 591 3676 ita
608 3622 718 3674 animati
727 3631 815 3686 esseut,
829 3626 906 3677 malle
924 3643 964 3678 eos
981 3626 1029 3678 sibi
1045 3628 1100 3679 iam
1118 3635 1173 3681 tum

198 3714 294 3778 fateri,
322 3728 399 3779 quam
416 3711 552 3779 postmodo
575 3715 719 3776 querentes,
747 3726 835 3778 segnes
857 3719 933 3778 atquc
953 3713 1056 3764 inutiles
1081 3714 1172 3766 milites

202 3799 356 3866 reipublicae
370 3812 430 3849 esee.
1110 3792 1112 3797 ’

234 3899 287 3952 Cic.
303 3919 330 3968 p.
347 3899 430 3951 Arch.
444 3898 487 3962 12,
506 3897 549 3950 eu.
567 3915 616 3967 ego
631 3916 689 3950 uero
709 3898 803 3964 omniu,
819 3915 884 3965 quoe
899 3899 1026 3966 gerebam,
1048 3898 1101 3951 iam
1118 3904 1173 3950 tum

201 3985 229 4037 ia
243 3987 357 4054 gerendo
369 4001 492 4054 spargere
508 4001 548 4035 mc
569 4000 599 4034 ac
615 3983 780 4034 disseminare
793 3984 944 4035 arbitrabar
964 3985 991 4034 iu
1009 3984 1078 4036 orbis
1088 3990 1174 4036 terrae
1219 3999 1220 4003 ’

205 4071 355 4126 memoriam
375 4071 563 4143 sempiternam·
598 4065 708 4124 sallust.
724 4068 784 4123 Get·
798 4065 841 4138 18,
854 4065 881 4123 l.
897 4069 953 4125 iau
974 4077 1029 4127 tum
1041 4087 1093 4125 aaa
1113 4085 1194 4142 coar>
1222 4108 1229 4117 »
