2632 4770
587 368 592 385 '
691 405 808 498 no.

309 578 496 650 Interiectio
510 594 561 642 110
577 596 643 640 nou
662 575 787 661 aliaest
803 597 901 662 qnam
919 596 1004 662 quae
1020 594 1071 642 on
1089 595 1179 640 nuuc
1193 577 1276 649 ecit,-

226 671 326 736 bitur.
349 668 424 730 -Sic
440 663 576 728 Terent.
591 661 727 726 Phorm.
756 669 794 742 2,
823 671 861 734 1.
885 666 938 726 56.
963 663 1028 726 1ιοὶ
1051 661 1136 727 done
1151 673 1275 736 caestor,

226 756 329 822 salve.
361 748 490 837 Apulei.
508 749 549 813 de
565 749 706 834 Aspicit.
722 749 776 814 45.
797 771 831 835 p.
850 753 922 812 117.
948 749 1050 812 Osan.
1085 748 1167 835 Ipse
1187 747 1276 812 euim

226 837 377 990 assiacum,
402 857 466 923 quo
483 834 733 898 interiectiouer
746 845 961 921 promuntur,
984 834 1079 920 cogit
1091 857 1152 898 eus
1166 834 1275 898 irater-
1308 862 1310 879 ¹

259 947 309 986 rm
330 920 593 1019 prueuspiruri,
620 917 795 986 interdum
818 919 1074 1008 portuspiruri,
1101 918 1276 987 interdum
1308 930 1310 967 i

225 1006 479 1098 iuteraspirun.
886 1022 890 1034 ’
1307 1008 1310 1071 l

658 1156 831 1249 Hoc,
1097 1162 1120 1219 ³
1307 1114 1310 1239 ἐ

228 1333 232 1339 “
310 1318 521 1395 Prononiinis
560 1324 740 1415 ablativum
778 1343 851 1391 troc
887 1324 1031 1392 adverbii
1068 1323 1146 1391 loco
1182 1325 1302 1415 poni,

227 1416 383 1482 'omuibus
401 1427 519 1481 notum
540 1425 599 1479 est.
633 1414 703 1478 Nos
717 1411 882 1502 triplicem
900 1433 997 1478 usum
1013 1411 1254 1499 distinguimus.

314 1541 344 1599 1.
377 1541 407 1600 1.
429 1516 558 1601 Comici
575 1545 690 1622 poetae
705 1531 833 1617 antiqui
847 1532 911 1597 icoc
927 1531 1105 1612 dixerunt,
1118 1540 1159 1596 ut
1180 1549 1271 1596 caus-

153 1638 156 1647 ’
228 1642 299 1683 sam
315 1620 543 1709 designarent,
567 1643 628 1708 pro
645 1620 742 1699 idea,
761 1630 967 1709 propterea,
991 1628 1027 1682 ut
1043 1639 1198 1706 graecum
1215 1619 1269 1702 τῷ.

229 1702 334 1790 quue
351 1728 464 1772 rursus
479 1707 514 1770 in
528 1727 626 1770 usum
657 1713 856 1770 revocarunt
874 1706 1051 1792 scriptores
1077 1705 1148 1769 aevi
1170 1723 1271 1790 auga·
1289 1750 1292 1755 ¹

229 1793 291 1856 atei
309 1804 341 1859 et
362 1794 571 1858 recentiores.
613 1790 709 1878 Apud
726 1789 920 1855 Ciceronem
935 1790 1064 1854 nullum
1084 1800 1190 1855 exstat
1215 1810 1269 1854 cx·

228 1879 390 1966 emplum.
440 1877 508 1942 Nec
538 1875 643 1940 multa
673 1897 710 1940 rc
736 1874 885 1940 criuntur
915 1876 1133 1941 comicorum.
1190 1875 1268 1940 Naar

228 1982 298 2028 non
317 1972 456 2050 possunt
472 1961 577 2026 aliena
593 1962 659 2025 huc
674 1897 808 2034 referri,
834 1959 930 2047 quale
956 1971 1006 2024 est
1031 1961 1133 2027 Plaut.
1157 1959 1267 2041 Mitt,

228 2050 262 2128 3,
278 2052 329 2112 26.
346 2045 593 2133 primumdum,
614 2047 645 2110 si
662 2045 752 2131 sulco
768 2045 949 2135 insimulas
968 2045 1267 2112 Philocomasium:

206 2134 292 2223 ‚icoc
303 2130 460 2218 perieris.
503 2134 569 2195 dut
585 2132 698 2196 Pseud.
721 2137 799 2211 ns,
818 2136 868 2196 19.
893 2143 993 2220 utque
1022 2134 1085 2197 lucc
1107 2133 1267 2198 evertitis

229 2215 347 2283 tutore
363 2227 463 2307 utque
477 2217 514 2282 in
530 2217 664 2292 dolore,
686 2229 723 2282 ut
749 2239 839 2282 mors
855 2214 997 2304 obrepat
1018 2218 1169 2286 iuterim.
1211 2221 1268 2283 dut

229 2300 320 2368 Men.
336 2307 367 2384 5,
383 2309 413 2377 2,
431 2307 483 2368 30.
505 2304 567 2368 linc
586 2302 741 2390 primum
759 2314 792 2367 te
809 2301 956 2368 absoluo·
977 2304 998 2370 i.
1019 2327 1047 2370 e.
1067 2307 1103 2369 in
1118 2327 1173 2371 co.
1214 2309 1267 2367 At-

227 2387 396 2476 'queinter
415 2399 649 2476 grammaticos
674 2399 820 2464 constat,
845 2389 909 2452 lrcc
932 2391 1151 2454 accusativum
1178 2389 1268 2453 etiam

180 2504 192 2529 ι
230 2474 314 2562 poni
333 2497 394 2562 pro
411 2471 544 2553 oblico,
568 2472 664 2554 ideo,
687 2474 781 2539 sicuti
808 2474 928 2539 dicitur
951 2474 1039 2562 apud
1062 2475 1266 2542 Terentium:

216 2559 410 2625 <idaeum
434 2573 588 2626 auctores
611 2559 721 2626 midi?
759 2560 943 2640 Ad.5,8,
967 2565 1017 2626 16.
1059 2563 1136 2626 Non
1160 2580 1269 2626 omnes

227 2655 341 2711 tamen
372 2646 544 2731 diligenter
578 2648 783 2732 distinguunt
814 2642 956 2709 diversas
991 2646 1148 2711 rationes.
1191 2645 1264 2712 Num

230 2731 288 2796 ubi
316 2732 513 2796 accusativus
540 2730 677 2810 dicitur,
699 2754 766 2796 non
789 2751 937 2795 caussam
961 2731 1194 2820 intelligimus,
1214 2720 1267 2800 sed.

227 2818 396 2883 actionem
413 2818 454 2882 ad
469 2817 612 2903 aliquam
630 2839 700 2881 rem
718 2814 874 2895 relatam,
900 2827 931 2882 ct
947 2839 1052 2903 quum
1073 2819 1204 2884 Plautus
1219 2815 1267 2893 ait,

190 2945 193 2950 -
231 2902 271 2968 id
299 2903 420 2966 miscus
445 2925 539 2982 sirm,
561 2904 624 2970 doc
642 2900 803 3001 gaudeo,
823 2923 895 2966 rem
918 2905 1086 2980 nominat,
1108 2903 1151 2969 ad
1175 2923 1267 3003 qnam

231 2989 345 3054 tendat
365 2989 414 3053 vel
433 2987 592 3076 dirigatur
607 2988 739 3061 missio,
760 3008 842 3073 quae
864 2988 906 3054 sit
920 2990 1031 3074 gaudii
1047 3013 1110 3056 res.
1152 2989 1268 3055 Linde-

230 3095 372 3139 mannus
398 3094 473 3137 cum
498 3075 641 3137 Grutero
663 3075 696 3137 in
722 3072 824 3137 Plauti
847 3073 954 3138 verbis
971 3075 1101 3163 Amph.
1124 3081 1267 3157 1,1,11.

230 3162 314 3309 818.)
334 3181 445 3225 acuite
460 3155 553 3222 idem
571 3159 634 3223 dcc
656 3157 726 3222 luci
740 3180 793 3222 me
815 3159 950 3225 mittere
966 3159 1109 3248 potuit?
1125 3163 1210 3227 bene
1226 3160 1266 3224 vi⁴

258 3247 282 3309 it
303 3267 373 3308 esse
404 3245 632 3310 accusativum.
674 3240 760 3309 Eum
792 3243 966 3309 reddamus
1000 3247 1102 3312 duait.
1146 3246 1271 3327 Quam·

233 3350 333 3415 quam
358 3327 458 3392 altera
483 3328 660 3416 explicatio
683 3352 702 3393 a
728 3330 871 3394 Grutero
899 3334 1092 3418 proposita,
1122 3333 1186 3397 doc
1208 3354 1272 3405 essu

207 3429 209 3434 ·
261 3436 297 3477 ro
312 3415 377 3479 lum
394 3436 459 3478 non
476 3417 599 3502 poterit
613 3415 752 3479 omnino
774 3415 967 3504 improbari.
1009 3417 1221 3485 Burmannus
1235 3412 1272 3483 'in

232 3437 327 3567 ltine.
353 3499 489 3566 Observ.
511 3500 614 3566 Tom.
637 3505 668 3567 8.
689 3525 722 3589 p.
737 3505 812 3566 362.
834 3503 921 3566 varia
942 3502 1092 3585 miscuit,
1115 3526 1201 3590 quae
1224 3504 1274 3570 hic

192 3649 196 3657 ,
234 3583 382 3670 digerere
414 3606 482 3648 non
516 3609 636 3677 operae
665 3587 810 3676 pretium
844 3597 904 3655 est.
955 3587 1044 3656 conf.
1083 3590 1275 3680 Wopkens,

230 3668 334 3738 Tum.
351 3674 382 3733 9.
400 3693 441 3758 p.
457 3671 532 3735 sto.

331 3789 363 3841 la
378 3790 468 3842 Plant.
486 3792 584 3860 Amph.
599 3793 626 3857 l,
641 3793 667 3858 1,
687 3793 729 3846 12.
745 3792 812 3861 (15.)
828 3809 897 3843 nunc
911 3793 1026 3862 legitur:
1045 3797 1163 3864 opulento
1180 3798 1279 3851 hordei

300 3872 365 3926 daec
379 3877 488 3933 servitu
513 3879 582 3930 duro
602 3887 648 3931 cst.
665 3879 727 3931 sed
743 3877 842 3930 Pseud.
862 3877 897 3939 ὃ,
921 3877 954 3942 2,
975 3877 1018 3932 33.
1042 3881 1089 3932 lroc
1110 3883 1152 3933 lu'c
1175 3885 1282 3951 quidem

301 3959 414 4010 homines
441 3967 496 4012 tam
513 3963 610 4017 brevem
624 3965 706 4018 vitum
721 3965 814 4019 utcu.
838 3961 929 4029 ,1,2,
946 3961 989 4018 18.
1008 3967 1179 4037 dopegosui
1203 3969 1283 4023 bodie

301 4045 565 4110 rolusotseuorscrr'.
1303 4086 1305 4091 ·
