2632 4770
196 248 311 325 ioa‘
497 217 553 257 ⁸
655 250 806 318 iures.

221 475 225 481 ‚
302 408 416 465 Sallust.
432 406 491 462 cst.
505 404 557 480 48,
573 404 599 460 3.
624 407 693 469 iuter
708 409 773 462 baec
791 412 890 475 parata
910 410 989 475 atque
1010 406 1117 461 decreta
1136 407 1266 477 Cethegus

261 490 370 566 'temper
388 496 542 564 querebatur
562 494 594 545 de
614 492 727 562 ignavia
747 493 885 544 sociarum.
923 490 1013 544 Tacit.
1030 492 1102 546 trist.
1119 492 1145 558 2,
1161 492 1206 546 23.
1226 512 1266 546 re-

273 583 320 634 lus
338 575 470 649 prosperis
488 579 600 630 incertus
617 585 644 630 et
660 578 728 630 inter
751 578 864 630 aduersa
886 577 983 630 melior.
1016 575 1042 640 3,
1057 577 1083 641 i,
1103 576 1129 642 3,
1145 575 1189 630 40.
1208 594 1269 629 mes

273 673 409 733 utcumque
428 663 564 715 consiliam
585 672 752 732 aspernatus,
778 662 846 730 qriad
865 661 932 714 iuter
955 663 1081 732 ancipitia
1101 664 1270 715 deterrimum

275 756 331 820 ert,
349 749 411 799 dum
430 749 518 800 media
533 748 656 816 sequitur.
691 747 761 801 Anu.
778 746 821 810 11,
837 746 880 799 31.
901 739 980 801 lanta
1001 749 1068 800 inter
1089 758 1206 817 ectrema
1226 765 1271 800 ru-

272 832 365 904 pcrlia
380 832 488 900 agebat.
522 832 566 895 11,
582 831 608 884 8.
635 832 706 885 iuter
720 834 852 903 Gaeacgis
864 833 989 902 pleraque
1004 849 1084 886 caeca
1104 861 1137 872 -
1156 834 1271 886 accioere

272 917 435 972 Bardanem.
470 914 520 969 ubi
535 918 673 970 Waltlier.

290 1043 344 1104 88.
365 1037 500 1106 Tacitus
516 1039 684 1110 brevitatis
701 1008 831 1121 stadio,
853 1050 891 1104 ut
915 1061 983 1104 uno
1000 1039 1138 1104 nomine
1162 1059 1271 1102 enun-

206 1124 381 1191 tiationem
400 1126 619 1213 temporalem
638 1115 956 1214 comprehenderet,
978 1120 1070 1191 adeo'
1087 1124 1127 1189 ad
1139 1147 1270 1213 ‚perso-

155 1274 161 1279 .
206 1231 266 1276 uas
282 1209 370 1276 hanc
388 1211 722 1286 ratmncm'contulit.

312 1330 403 1385 Tacit.
421 1332 489 1386 Anu.
503 1331 547 1397 11,
564 1330 608 1384 lo.
626 1350 687 1384 nece
700 1331 839 1384 Burdenis
854 1331 976 1403 turbatae
991 1331 1150 1385 Parthorum
1166 1345 1208 1382 res
1229 1326 1271 1380 in-

274 1423 315 1470 tcr
337 1418 489 1487 ambiguae,
515 1417 572 1484 quie
597 1417 625 1470 in
642 1435 755 1486 regnam
778 1417 951 1484 acciperetur.
977 1414 996 1468 i.
1019 1433 1044 1467 e.
1073 1432 1158 1483 quum
1181 1420 1272 1467 esseut

278 1499 421 1570 ambigui,
448 1503 514 1572 Agr.
532 1500 576 1564 32.
593 1521 682 1570 senum
700 1501 814 1554 coloniae
828 1501 894 1553 inter
909 1502 976 1552 male
987 1508 1108 1569 parentes
1129 1508 1153 1552 et
1175 1501 1272 1552 iniuste

277 1586 436 1654 imperanter
450 1604 534 1656 aegra
552 1587 685 1656 mancipia
699 1593 723 1638 et
739 1586 931 1642 discordantia.
966 1585 1082 1650 Histl,
1098 1584 1123 1638 1.
1145 1586 1185 1638 ita
1204 1603 1269 1638 neu-

278 1671 329 1726 tris
344 1689 408 1724 cura
421 1674 583 1743 posteritatis,
593 1673 660 1725 inter
675 1672 789 1738 infensos
806 1673 847 1724 ael
862 1671 991 1724 abeceias.
1009 1691 1014 1719 i

296 1796 349 1858 84.
371 1792 465 1872 Quae
481 1792 522 1858 de
537 1791 654 1858 mediis
674 1793 770 1856 rebus
790 1804 884 1858 antea
908 1791 1165 1873 declaravimus,
1185 1814 1222 1856 ea
1239 1814 1273 1857 se

214 1875 365 1943 offerunt
389 1881 487 1943 etiam
507 1879 784 1966 'intemporibun
825 1880 912 1942 Nam
935 1878 996 1942 hac
1022 1877 1273 1966 praepositione

214 1962 335 2029 dicitur
357 1965 504 2028 medium
529 1974 662 2052 tempus
679 1965 765 2028 intra
790 1960 873 2027 diros
889 1965 1051 2029 terminos
1074 1963 1270 2040 cohibitum,

213 2057 247 2113 et
256 2070 311 2114 res
330 2049 418 2114 inter
435 2048 516 2114 duas
533 2049 611 2114 alias
630 2071 682 2114 res
701 2050 920 2146 intercedens.

216 2224 218 2232 s
317 2144 461 2223 Columell.
475 2168 501 2234 5,
518 2169 562 2235 1⁰,
578 2169 622 2223 14.
641 2172 690 2224 liae
706 2179 766 2224 ante
781 2172 883 2224 calend.
900 2171 1012 2224 martiae
1024 2172 1110 2237 facita
1131 2170 1173 2223 ael
1197 2170 1275 2224 etiam

284 2251 362 2391 iatezii3
380 2271 464 2308 nanas
488 2263 512 2309 et
529 2256 590 2308 idus
609 2258 729 2310 martiar.
763 2246 811 2309 lle'
822 2258 884 2339 loeo
906 2255 981 2310 Livii
1004 2256 1055 2321 38,
1074 2255 1126 2321 86,
1150 2253 1178 2306 4.
1214 2255 1275 2308 vide

283 2354 312 2390 n.
335 2393 340 2427 Ι
364 2375 371 2392 .

286 2455 289 2463 ’
320 2438 379 2491 cic.
392 2438 470 2516 Verr.
484 2439 511 2508 2,
526 2439 570 2510 58,
584 2440 647 2496 130.
662 2443 711 2497 baa
732 2441 761 2496 ci
779 2443 878 2514 Romae
892 2445 956 2512 ficri
976 2451 1078 2513 posset,
1097 2448 1164 2495 certe
1189 2432 1278 2510 aliqua

106 2532 107 2539 ’
171 2590 173 2593 v
284 2523 387 2578 ratione
394 2536 568 2596 expugnasset
583 2514 638 2593 iste,
656 2536 685 2582 at
699 2529 755 2581 dies
771 2529 848 2580 XLV
856 2531 923 2581 inter
932 2529 1005 2580 binas
1021 2528 1096 2579 ludos
1117 2527 1277 2591 tollerentur,

247 2641 254 2667 ;
284 2626 409 2681 perquer
422 2612 489 2665 salae
510 2613 811 2681 indicinmfleripaseet.
847 2613 907 2666 Lir.
927 2613 951 2677 1,
969 2613 994 2677 8,
1012 2609 1040 2662 4.
1058 2612 1278 2663 interliminium

219 2755 222 2765 Ι
285 2703 313 2750 et
336 2673 431 2756 Albucii
446 2696 570 2768 limigam
591 2700 717 2750 caloniam
739 2698 878 2752 deductam
901 2699 1016 2768 triginta
1030 2701 1118 2765 ferme
1138 2695 1278 2762 interfuere

171 2791 173 2794 “
285 2780 356 2833 anni.
760 2804 761 2807 =

302 2902 357 2968 35.
372 2901 569 2966 Distantiam
584 2900 746 2988 temporis
761 2895 977 2968 recentissimi
989 2899 1167 2984 scriptores
1179 2901 1277 2965 etiam

217 3009 280 3077 per
294 2988 446 3053 voculam
472 2988 562 3050 inter
587 3001 843 3072 expresserunt,
867 2988 956 3051 haud
974 2983 1140 3074 probabili
1164 2989 1277 3053 modo.

223 3073 435 3143 Obscuritate
450 3072 538 3134 enim
554 3069 772 3138 offendimur.
839 3119 840 3122 ,

332 3191 456 3245 Scriban.
469 3188 530 3242 las.
550 3191 645 3261 siquis
660 3199 701 3246 ter
714 3193 744 3246 in
762 3211 846 3247 mense
860 3193 931 3246 inter
944 3195 1022 3246 denas
1037 3192 1091 3244 dies
1106 3209 1169 3244 usus
1183 3196 1277 3259 suerit,

165 3302 169 3340 ·.
245 3307 257 3314 -
288 3277 404 3330 innecte
418 3291 470 3326 nan
486 3275 676 3336 laboraturum.
693 3281 808 3345 honest,
826 3277 924 3349 quavis
939 3277 1047 3330 decimo
1061 3277 1116 3342 die,
1130 3277 1278 3333 interualla

290 3360 390 3429 denum
404 3357 520 3412 dierum.

225 3462 229 3469 ⁴
305 3485 358 3545 86.
383 3479 483 3561 Quod
507 3502 577 3545 uno
601 3484 764 3549 vocabulo
789 3484 923 3551 interea
949 3485 1136 3558 dicebatur,
1163 3493 1272 3548 aucto-

220 3587 275 3633 res
291 3565 459 3631 inferioris
482 3566 652 3632 latinitatis
677 3571 716 3636 ab
739 3573 877 3657 Augusti
896 3573 1104 3660 temporibus
1129 3569 1278 3634 dicebaut

64 3643 68 3650 ’
152 3689 161 3706 ι
221 3652 313 3717 inter
344 3652 446 3731 baec,
473 3663 571 3739 atque
594 3656 693 3720 etiam
719 3657 810 3722 inter
835 3681 933 3745 quine.
976 3659 1025 3720 lta
1052 3654 1280 3742 significabant

222 3760 279 3814 ea,
306 3759 390 3823 quae
412 3760 481 3802 uno
505 3749 659 3827 tempore
683 3741 769 3807 facta
790 3755 893 3808 erent.
936 3742 1033 3806 Inter
1053 3743 1138 3806 liaeo
1156 3763 1221 3828 pro
1247 3739 1283 3803 in

197 3825 290 3889 v,bac
315 3822 511 3904 conditione
536 3826 658 3911 legitur
686 3829 720 3892 in
747 3829 917 3892 Ciceronis
945 3828 1038 3891 libris
1062 3827 1102 3891 de
1126 3828 1281 3914 Legibua'

223 3909 282 3976 sed
305 3909 399 3974 loeus
416 3911 464 3974 est
490 3933 508 3974 a
527 3911 710 3995 glossatore
733 3913 878 3999 quodam
903 3912 1122 3999 interpolatus
1146 3925 1182 3977 et
1206 3912 1283 3976 alias

227 3996 271 4061 ob
296 4017 426 4062 caussas
447 3995 654 4064 reiiciendus.
705 3999 802 4088 Apud
826 4000 908 4066 alios
928 4002 1108 4087 scriptores
1131 4000 1285 4064 occasio·

182 4092 184 4095 ’
226 4103 306 4148 uem
320 4081 544 4170 intelligimus.
718 4109 720 4112 ·
964 4114 969 4127 1
1024 4101 1025 4104 ’
