2632 4770
227 243 288 304 na
664 230 831 299 totrva.
909 318 913 325 Ι

309 394 364 457 21.
393 386 569 453 Brevitatis
593 386 785 474 exemplum
805 388 841 451 in
864 387 904 452 iis
927 384 1096 471 videmus,
1116 406 1203 475 qaae
1224 387 1276 457 ἰῃι·

224 476 486 564 terrogationem
511 474 552 539 de
576 474 705 538 ratione
735 473 934 558 quaestionis
960 474 1144 558 adiungunt
1165 475 1275 541 inter-

223 564 331 652 posita
344 559 505 649 particula
520 560 649 646 igitur,
672 560 763 645 quasi
783 554 912 623 dicatur
927 582 1053 646 quaero
1066 559 1192 647 igitur.

337 678 747 747 cic.ncaa.2,42,12tt.qau
770 680 891 732 habemus
911 680 939 731 in
960 680 1037 731 rebare
1056 679 1131 731 bonis
1151 684 1179 731 ct
1201 676 1275 731 malit

293 766 447 835 explorati?
480 765 577 834 Nempe
583 766 654 832 fines
675 765 848 817 constituendi
865 771 941 830 aaut,
960 764 997 816 att
1018 780 1082 831 qnos
1101 769 1129 817 et
1150 765 1274 817 bonam

292 857 320 903 et
333 850 460 903 maloram
473 868 574 903 mmmc
587 853 725 915 referetur.
762 848 821 913 Qua
835 850 866 901 dc
883 864 911 900 re
924 855 962 899 est
974 847 1061 917 igitur
1075 848 1144 900 inter
1164 862 1273 901 summu

292 935 361 987 ciros
381 935 468 986 maior
487 934 633 987 clusensis?
666 932 739 986 Dicit
763 932 837 985 enim
855 933 967 985 Cicero:
986 931 1052 999 qnid
1070 932 1209 984 habemns
1228 948 1273 985 ex·

293 1018 433 1087 ploratum
449 1016 479 1068 in
494 1016 577 1069 rebus
600 1017 728 1071 benicet
749 1017 852 1071 maiis'l
885 1015 1000 1070 Scilicet
1013 1017 1068 1068 hoc
1089 1016 1269 1083 quaerendam

296 1107 353 1165 est,
372 1118 455 1169 quum
471 1102 538 1154 lines
562 1101 616 1155 sint
634 1102 822 1157 constituendi.
858 1103 968 1169 Quaero
990 1099 1092 1168 igitur,
1112 1116 1168 1168 qna
1188 1100 1222 1152 da
1239 1113 1267 1151 re
1305 1172 1307 1177 Ι

291 1186 365 1239 inter
386 1196 505 1239 summos
522 1185 596 1240 viros
612 1185 701 1239 maior
720 1185 757 1240 stt
772 1184 911 1240 dmscnsin.
945 1182 1044 1239 critici
1061 1182 1180 1238 mirifica
1201 1185 1266 1241 nanc

291 1264 384 1322 locum
399 1271 552 1325 turbarunt

308 1377 361 1436 22.
384 1370 495 1435 Restat
512 1370 699 1437 rhetoricus
721 1388 809 1435 usus.
851 1365 891 1434 Ic
914 1370 1124 1459 caprimum
1146 1368 1263 1434 notabo
1298 1366 1307 1453 ξ

226 1457 432 1524 collectivam
447 1458 534 1533 vim,
560 1477 623 1543 qua
646 1456 756 1543 igitur
770 1440 818 1520 sin
844 1456 913 1519 uias
929 1479 981 1522 res
997 1467 1090 1523 antea
1107 1455 1263 1544 expositas
1300 1460 1307 1525 t

227 1546 263 1610 in
278 1565 347 1608 uno
364 1543 501 1607 nominc
515 1541 777 1629 comprehendit.
820 1476 888 1620 {ui
906 1543 950 1605 ita
970 1541 1137 1628 loquitur,
1159 1542 1263 1629 singu·
1302 1546 1307 1606 ἶ.

225 1631 273 1695 ias
288 1651 340 1693 res
356 1628 456 1693 dictas
469 1627 750 1692 demonstratione
766 1648 833 1690 uno
849 1628 884 1690 in
897 1626 973 1691 loco
991 1628 1114 1715 colligit
1140 1636 1173 1689 ct
1196 1648 1264 1691 sen·
1303 1632 1307 1641 “

225 1715 362 1780 tentiam
386 1712 573 1779 inchoatam
596 1707 744 1777 absolvit.
794 1710 830 1774 In
863 1711 925 1777 hac
952 1708 1096 1778 dictione
1111 1733 1263 1783 ‚necessa-

225 1802 315 1868 rium
339 1822 407 1863 esso
433 1797 638 1863 existimabat
660 1796 863 1862 Goerenuius
888 1820 1077 1884 pronomen
1105 1797 1181 1877 iaia,
1210 1816 1263 1860 nec

226 1887 293 1950 diei
310 1908 371 1950 eae
386 1885 497 1970 igitur
513 1906 585 1961 res,
607 1881 665 1946 sed
679 1883 745 1946 irae
761 1882 784 1946 i.
798 1904 827 1946 r.
870 1883 953 1948 Vide
968 1906 1045 1949 eum
1069 1881 1111 1948 ad
1137 1882 1206 1947 Cic.
1230 1882 1263 1945 de

226 1972 298 2037 Fra.
313 1976 344 2043 3,
361 1970 393 2045 5,
412 1973 463 2031 17.
514 1968 616 2054 ldque
638 1988 752 2031 verum
777 1978 827 2032 est
848 1980 1081 2057 pracceptum,
1102 1967 1131 2031 si
1153 1966 1264 2033 refen-
1292 2032 1296 2049 ,

226 2077 302 2121 mus
323 2053 364 2117 ad
380 2053 490 2127 locos,
515 2053 551 2115 in
574 2051 692 2138 quibus
718 2052 864 2139 singulae
886 2076 938 2119 res
962 2064 1037 2120 ante
1061 2054 1167 2117 dictae
1184 2061 1264 2132 sunt,

225 2161 314 2206 nunc
336 2158 448 2200 rursus
473 2136 815 2224 comprehendendae.
864 2140 928 2205 Vbi
958 2150 1067 2204 autem
1090 2138 1264 2226 poetelius

228 2223 468 2290 enuntiationes
484 2224 569 2288 sedit
584 2224 691 2289 oratio
714 2222 755 2287 ad
771 2244 843 2289 rem
860 2226 1008 2314 superius
1028 2225 1169 2308 dictam,
1187 2223 1266 2290 bene

225 2333 262 2376 se
280 2307 380 2372 habet
398 2307 439 2371 isa

339 2409 397 2461 Cic.
414 2408 442 2462 in
459 2407 540 2462 Catil.
556 2404 700 2474 4‚11,23.
718 2427 877 2479 quaequam
892 2409 1010 2474 iterim,
1027 2410 1208 2489 prouimpcrio,
1224 2426 1269 2480 pre

290 2495 422 2558 eremita,
437 2494 649 2564 proprovincia,
673 2512 751 2562 quam
765 2496 867 2564 neglcci
877 2527 887 2558 -‚
911 2512 960 2563 pro
983 2494 1116 2562 triumpho
1139 2496 1270 2561 scierimus

292 2579 381 2631 landis
397 2579 543 2647 insignibus
556 2597 605 2630 -s
622 2596 669 2647 pro
680 2580 724 2631 icis
743 2581 826 2642 igitur
846 2581 961 2631 omnibus
980 2581 1073 2642 rebus,
1091 2596 1142 2646 pro
1165 2579 1229 2630 meis
1246 2578 1270 2630 ia

294 2679 338 2714 uos
359 2663 535 2730 singularibus
557 2664 651 2714 studiis
675 2664 740 2713 attia
763 2663 837 2713 aliud
866 2681 883 2713 a
903 2663 972 2714 cobis
994 2663 1045 2713 nisi
1067 2663 1145 2715 huius
1174 2670 1270 2733 unpe-

243 2748 247 2765 “
294 2747 332 2799 ris
347 2772 381 2783 -
400 2749 548 2798 memoriam
561 2748 669 2814 postulo.
705 2745 786 2796 Tusc.
794 2743 819 2807 1,
835 2744 877 2809 27,
893 2742 936 2796 69.
954 2745 1098 2798 nominatis
1113 2746 1209 2799 multis
1223 2762 1270 2800 ne·

293 2836 373 2884 turae
393 2829 474 2882 rebus
489 2829 595 2896 pergit:
613 2832 678 2882 iaec
693 2829 779 2897 igitur
792 2836 819 2880 et
834 2829 889 2880 otia
902 2830 1100 2882 dinumerabilia
1119 2848 1198 2898 qaam
1218 2847 1271 2883 cer-

294 2915 396 2977 nimus,
422 2930 586 2982 possumusne
616 2915 749 2978 dubitare,
776 2913 838 2981 puin
863 2912 904 2966 leis
932 2916 1032 2982 praesit
1050 2915 1148 2983 aliquis
1173 2940 1208 2957 -ι
1232 2920 1271 2985 qt-

288 2998 401 3067 sector?

338 3081 395 3134 cic
418 3079 453 3132 ad
474 3079 550 3133 Fam.
573 3078 624 3144 13,
644 3077 721 3144 1,u
755 3097 813 3132 cum
836 3081 950 3135 Patrone
965 3080 1092 3151 Epicureo
1105 3085 1174 3138 milri
1187 3084 1271 3138 omnia

294 3172 371 3229 aunt,
397 3166 448 3215 nisi
462 3167 529 3231 quod
546 3165 573 3215 in
587 3163 754 3233 philosophia
775 3166 930 3219 uehementer
954 3168 987 3218 ab
1007 3186 1035 3219 co
1053 3169 1180 3222 dissentio.
1214 3171 1272 3223 Ian

294 3249 351 3301 clia
371 3248 458 3300 multa
482 3247 515 3299 de
534 3249 651 3301 Patrone
677 3255 830 3302 narrantur.
872 3252 947 3304 Tnm
968 3252 1086 3305 recurrit
1105 3251 1202 3305 oratio.
1245 3252 1271 3305 le

292 3333 376 3400 igitur
398 3332 490 3395 Patro,
516 3344 593 3400 ptum
609 3326 644 3384 ad
667 3350 707 3384 rna
724 3332 835 3385 Romam
859 3332 959 3388 litterar
980 3337 1100 3390 misissset
1123 3341 1177 3389 etc„
1212 3334 1267 3388 cte.

294 3415 328 3466 de
352 3416 428 3468 Orat.
447 3416 478 3481 2,
494 3414 542 3482 25,
558 3412 617 3468 105.
644 3433 707 3468 narn
724 3424 750 3469 ct
767 3419 798 3469 de
814 3422 929 3486 pecuniis
945 3422 1095 3490 repetundis
1115 3447 1150 3461 -
1174 3436 1272 3491 tregest-

293 3500 331 3549 da
347 3504 406 3564 sere
427 3507 486 3565 sunt
511 3502 618 3552 omnia:
643 3508 668 3552 et
690 3502 722 3552 de
747 3503 842 3554 ambitu
856 3522 918 3556 raro
938 3505 1006 3556 illuri
1030 3507 1120 3571 datur,
1145 3513 1177 3558 at
1191 3506 1272 3575 possis

294 3581 477 3635 liberalitatem
503 3602 534 3635 uc
558 3585 744 3652 benignitatem
768 3587 799 3637 ab
827 3589 927 3639 ambitu
955 3596 981 3641 ct
1009 3589 1151 3658 largitione
1189 3592 1287 3647 scinu-,t

291 3682 363 3732 gere.
412 3667 452 3718 De
472 3669 589 3731 sicariis,
622 3670 653 3720 de
678 3673 818 3736 respicias,
848 3674 1022 3739 depeculata
1047 3674 1154 3738 infitiari
1175 3689 1271 3726 neccsse

290 3756 339 3800 cet.
372 3749 404 3801 id
426 3758 460 3802 cst
479 3753 563 3820 igitur
584 3769 664 3821 genus
681 3756 796 3822 primum
817 3773 966 3809 caussarum
986 3759 1015 3808 iu
1037 3755 1192 3810 inuictis-ca
1209 3775 1271 3810 ceat—

291 3835 507 3899 troversiasacti.

310 3939 362 4000 23.
383 3934 572 4023 Interrupta
595 3939 744 4004 oratione
769 3941 944 4028 scriptores
970 3940 1138 4031 perhanc
1164 3945 1270 4032 parti·

224 4015 335 4084 culam
365 4021 502 4086 redeunt·
525 4025 560 4088 in
586 4024 687 4101 viam,
717 4024 805 4091 unde
835 4029 972 4114 digressi
1003 4040 1109 4095 crant.
1169 4031 1272 4117 idque
