2632 4770
107 3962 114 3969 ’
190 3955 276 4020 inest
289 3951 350 4018 ini
376 3973 414 4016 so
434 3972 513 4013 voca

674 228 786 298 MOX.

620 450 837 540 Mox.
1084 424 1129 467 ·“

295 639 372 705 Non
389 637 529 702 multum
544 628 725 720 profecisse
749 634 852 700 hucus
877 655 917 699 ue
943 635 1110 703 videntur
1137 653 1259 729 etymo·

212 725 282 811 logi
299 728 333 791 in
358 722 497 789 eruenda
520 720 647 802 origine
670 718 766 784 huius
790 741 867 784 voca
892 719 945 785 uli.
990 723 1155 789 Perottus
1183 728 1259 792 enin

213 822 248 876 et
265 812 398 875 Vossius
420 806 510 870 haud
534 805 619 868 male
642 826 720 867 mos·
745 806 885 869 acerbo
909 827 1041 872 mouere
1065 811 1260 877 deducentes

213 898 315 962 unam
336 894 507 958 notionem
539 889 649 954 celeris
674 900 785 953 motus
804 903 1071 978 supposuerunt,
1097 906 1133 958 ct
1150 896 1259 963 Merti-

211 983 286 1046 nius
296 976 498 1064 comparavit
512 974 580 1039 cito
594 996 637 1037 cx
651 975 722 1039 cieo
736 985 863 1039 natum.
898 975 961 1040 Alii
979 987 1096 1043 autem
1114 1003 1133 1046 c
1149 1005 1257 1070 graeco

210 1061 296 1149 μόγις
309 1062 433 1126 factum
451 1062 614 1138 dixerunt,
659 1059 724 1122 uod
739 1059 898 1147 significat
913 1082 1036 1147 aegre,
1059 1064 1131 1134 vix.
1177 1068 1255 1133 Doe-

210 1148 356 1215 derlinus
371 1149 404 1212 in
422 1148 609 1233 Synonynr.
624 1081 725 1208 'lom
740 1151 769 1209 2.
786 1168 819 1232 p.
838 1149 909 1210 137.
923 1155 956 1209 et
969 1144 1010 1212 T.
1022 1153 1057 1212 3.
1076 1171 1117 1236 p.
1131 1154 1187 1218 95.
1203 1175 1255 1239 po-

170 1230 180 1252 ‘
210 1235 342 1299 sitivum
365 1234 488 1296 nomen
516 1229 675 1317 appellat,
700 1231 789 1292 cuius
814 1231 1060 1318 comparativus
1090 1237 1136 1298 sit
1161 1240 1254 1317 ocius,

209 1330 243 1386 et
259 1320 324 1384 iam
346 1317 528 1382 Schellerus
550 1317 584 1380 iu
602 1309 703 1390 ὠκέως
748 1317 881 1382 uaesivit
905 1315 1181 1387 fundamentum.
1222 1327 1253 1387 tt

209 1425 294 1505 quae
308 1404 392 1469 ratio
408 1401 594 1467 communis
613 1336 759 1464 vocabili
776 1422 855 1465 mox
870 1409 902 1464 et
917 1401 1096 1473 celeritatis
1114 1416 1148 1469 et
1168 1407 1252 1472 labo-

207 1512 254 1557 rrs
274 1499 366 1565 esset,
387 1496 442 1553 eut
458 1486 574 1573 quibus
592 1484 661 1549 aliis
677 1486 836 1572 exemplis
851 1486 1138 1573 comprobaretur
1153 1492 1250 1558 littera

208 1597 245 1640 m
258 1573 401 1663 praefixa
416 1572 523 1636 latinis
540 1569 645 1635 verbis
662 1576 756 1648 (nam
772 1571 832 1636 alia
849 1581 897 1637 est
911 1592 1024 1637 caussa
1041 1574 1081 1637 in
1106 1581 1249 1663 peregri-

201 1661 258 1725 nis
274 1658 449 1735 vocabulis,
468 1658 515 1722 uti
530 1678 570 1719 ex
583 1652 675 1740 ’Ἄρης
688 1654 725 1718 fit
741 1656 870 1739 Mars),
886 1656 919 1720 id
933 1678 1036 1721 nemo
1052 1658 1197 1726 illorum
1209 1664 1249 1727 vi-

204 1766 324 1812 rorum
348 1745 467 1808 docuit.
515 1741 579 1805 Sed
603 1752 640 1805 ut
662 1740 840 1807 chaldaicas
864 1741 987 1806 radices
1009 1765 1029 1806 a
1080 1747 1248 1812 uibusdam

208 1831 292 1897 olim
315 1829 453 1895 effossas
478 1838 701 1914 praeteream,
722 1827 919 1914 Hartuugius
934 1826 975 1891 de
991 1829 1065 1892 (lesi
1094 1873 1106 1895 .
1132 1855 1167 1919 p.
1183 1837 1246 1900 229.

204 1938 285 1993 arax
307 1927 483 2001 cognatum
507 1922 600 1977 vocat
624 1911 779 1975 vocabulo
804 1911 926 1976 moda.-
948 1912 1246 1983 Ramsho'rniusin

206 2003 384 2069 Germania
398 1998 559 2064 invenisse
574 1997 635 2061 sibi
656 1996 739 2060 visus
762 2007 810 2059 est
832 1996 1031 2071 incunabula
1048 2002 1245 2086 particulae:

205 2108 282 2153 nam
297 2109 376 2150 mox
390 2082 514 2149 factum
538 2103 607 2146 esse
636 2101 677 2143 ex
699 2088 837 2168 maigeo,
858 2093 895 2145 ut
913 2081 1159 2166 significaretur
1180 2110 1245 2155 war

203 2171 354 2257 mo'gls'clr
366 2169 421 2232 ist.
463 2167 625 2251 Equidem
642 2186 762 2251 sequor
777 2165 960 2254 analogiam
971 2167 1159 2235 verborum
1167 2169 1245 2260 frux

203 2253 334 2342 ajruo,
355 2253 409 2318 aix
424 2276 441 2316 a
458 2251 549 2330 eico,
570 2250 657 2314 unde
673 2251 776 2331 uices,
789 2250 859 2341 sax
872 2275 891 2315 a
904 2246 993 2330 φάω,
1017 2261 1123 2338 atque
1139 2280 1245 2322 nwxa

202 2361 300 2420 neco,
320 2337 409 2425 quod
426 2339 461 2402 iu
474 2357 608 2413 ¹uroeeo⁹
629 2337 677 2399 uti
708 2333 783 2401 bees
801 2335 837 2399 in
856 2333 951 2400 boues
973 2347 1006 2400 et
1032 2344 1156 2411 contra
1178 2365 1244 2407 mc-

202 2436 391 2493 eemeutum
405 2423 441 2488 in
450 2433 669 2494 momentum,
691 2430 850 2500 mutatur,
874 2419 1107 2488 deducendum
1121 2439 1205 2515 puto
1218 2435 1245 2492 et

200 2511 376 2576 notionem
390 2508 550 2594 temporis
571 2507 654 2571 moti
669 2504 736 2572 sive
754 2504 904 2594 promoti
920 2515 1030 2573 teneo.
1263 2536 1267 2547 ¹

186 2672 188 2677 ’
283 2679 309 2743 li
334 2679 450 2765 igitur,
478 2676 764 2824 qui'praecipiunt
789 2697 866 2738 moa
896 2676 1033 2763 proprie
1060 2678 1241 2767 siguificare

199 2765 339 2839 statim,
364 2762 485 2848 duplici
500 2783 611 2826 errore
626 2760 671 2824 fal
685 2770 801 2826 untur:
825 2783 902 2824 nam
918 2771 950 2826 et
972 2781 1033 2825 usu
1049 2760 1136 2828 haec
1152 2785 1242 2831 voca-

200 2848 277 2914 bula
293 2846 449 2913 differunt
466 2857 497 2910 et
513 2846 678 2932 primitiva
702 2843 956 2929 significatione,
979 2867 1044 2931 qua
1059 2850 1192 2921 ,statim
1207 2847 1240 2910 de

198 2944 356 3000 restante
372 2943 537 2997 etseuon
558 2941 713 2996 movente
731 2931 871 3009 dicitur,
893 2941 930 2994 ut
951 2932 997 3005 sit,
1015 2953 1091 2996 non
1117 2943 1239 2998 mutato

196 3017 292 3101 loco,
321 3017 384 3081 hoc
406 3017 478 3103 ipso
500 3028 661 3102 tempore.
713 3014 778 3080 Sed
808 3037 885 3079 max
920 3016 1024 3103 magis
1058 3017 1238 3106 respondet

197 3101 529 3193 germanicorum,
554 3099 729 3166 astrecken
749 3092 854 3177 facto,
874 3108 906 3162 et
929 3104 1125 3186 comparari
1147 3105 1237 3168 etiam

195 3199 306 3281 potest
337 3188 526 3252 saxonicum
547 3184 640 3273 fluks
668 3184 806 3272 (flugs).
854 3184 963 3271 Prope
986 3186 1026 3248 ad
1058 3189 1232 3255 notionem

195 3275 345 3343 eamdem
362 3272 483 3338 accedit
496 3283 664 3351 actutum,
688 3273 739 3335 cui
755 3281 865 3335 tamen
887 3272 984 3334 etiam
999 3292 1082 3335 mox
1100 3273 1235 3361 opponi·

145 3360 153 3371 ’
195 3369 252 3425 tur
279 3359 396 3440 (Plaut.
426 3355 548 3442 Amph.
575 3362 604 3432 1,
638 3362 665 3434 1,
688 3353 792 3439 204.)=
827 3354 1032 3419 contrarium
1063 3369 1117 3427 est
1142 3379 1233 3423 uuae

194 3445 280 3509 Nam
297 3443 455 3531 siguificat
467 3464 545 3505 mox
559 3440 742 3528 procedens
758 3449 906 3525 tempus,
930 3440 1028 3524 quod'
1043 3462 1118 3506 esse
1133 3447 1232 3530 potest

194 3531 388 3616 proximum
409 3539 557 3612 tempus,
578 3526 612 3589 in
629 3526 719 3612 quod
739 3546 779 3589 cx
800 3525 982 3610 praesentia
1004 3528 1182 3605 transitur,
1202 3533 1230 3586 et

171 3624 367 3703 ¹posterum
388 3623 519 3698 tempus
542 3611 784 3696 quodcumque.
844 3609 953 3688 Quare
975 3607 1090 3673 Festus
1116 3630 1231 3700 quum

192 3719 285 3764 mcx
304 3697 482 3784 significet
500 3718 602 3782 quum
624 3697 710 3776 cito,
731 3692 792 3760 sed
813 3694 977 3780 uiperae
994 3715 1118 3779 ponas
1138 3718 1231 3769 mcx,

191 3779 404 3871 significabit
429 3782 551 3865 paullo
578 3794 658 3866 post
689 3779 741 3846 aet
758 3790 891 3865 postea.
910 3846 913 3853 ,
934 3779 1096 3846 Germani
1129 3783 1233 3846 dicunt

191 3867 291 3947 bata,
311 3866 395 3932 bate
410 3861 557 4013 durand,
578 3877 611 3930 et
628 3865 814 3952 sputerlcin.
857 3860 1038 3928 Celeritatis
1056 3868 1158 3932 notio
1178 3884 1231 3928 nec

539 3949 593 4013 ulo
610 3953 782 4040 primitus,
804 3957 838 4014 et
852 3970 912 4039 per
927 3949 1073 4036 speciem
1095 3950 1232 4023 brevita-

191 4048 233 4106 tis
249 4040 336 4107 inter
361 4059 417 4104 um
432 4034 597 4102 adhaeret.
