2654 4770
114 682 229 749 ΧῚ7

88 357 94 373 Α
135 216 140 223 ¹
198 277 262 346 368
358 212 366 338 ι.
402 263 631 341 lNClRCVM.
675 255 893 332 lNCORAMi
934 257 1055 329 INDE-

187 406 189 408 ’
373 390 376 417 “
532 418 853 514 lusisset
864 418 935 504 M.

229 597 466 950 ⁴decursim
491 591 660 684 legebatur
684 589 764 654 olim
783 586 871 673 apud
892 585 1045 652 Macrum
1067 585 1197 675 inDig.
1218 590 1266 669 11,

237 731 248 765 ,
308 731 317 752 .
354 683 385 746 si
416 680 570 765 amplum
601 675 685 764 quid
718 671 904 761 aedificari
938 683 1084 738 testator
1118 674 1269 755 iusserit,

205 784 249 837 'u'
299 770 314 834 i
349 767 517 832 incircum
539 762 812 852 perticationes,
855 782 911 825 eos
946 770 1100 845 sumptus
1128 756 1269 847 funeris

124 853 126 861 ’
209 879 251 921 ca
277 866 519 919 ssa'nonesse.
563 850 661 913 Nunc
685 848 805 933 legitur
828 843 1046 910 incircuitu.
1091 845 1158 909 Sed
1184 844 1271 933 apud

209 943 305 1008 Varr.
320 939 361 1003 de
373 939 409 1002 L.
424 940 463 1003 L.
480 938 512 1013 4,
528 939 559 1001 5.
575 935 620 1023 (5,
637 933 702 1020 25.)
721 948 843 996 ηυηοό
860 930 955 994 codd.
972 929 1103 995 floreat.
1120 942 1156 995 et
1172 930 1270 996 bavo.

209 1025 427 1103 restituerunt
449 1022 571 1087 critici:
602 1018 691 1107 quod
714 1018 881 1083 incircum
912 1038 988 1081 eum
1018 1015 1130 1081 locum
1152 1040 1272 1105 'aptiae

129 1149 142 1176 s
209 1109 371 1212 trigidae
387 1121 420 1174 et
438 1106 562 1172 caldae
577 1106 726 1170 multae:
750 1104 848 1168 ceteri
866 1102 940 1166 libri
960 1102 1030 1165 sint
1052 1102 1159 1168 circa.
1194 1103 1270 1184 Quo

211 1196 296 1263 rllud
312 1193 524 1265 vindicarent,
546 1213 614 1256 non
632 1212 826 1279 exposuere.
868 1187 912 1252 Et
929 1187 1045 1252 dubito
1059 1189 1272 1253 vehementer

213 1281 255 1347 de
286 1302 347 1346 usu
382 1277 641 1368 praepositionis
667 1298 747 1340 ‘non
778 1273 981 1340 adverbiali:
1025 1274 1082 1338 sed
1115 1298 1173 1339 exs
1200 1286 1271 1339 ecto

214 1367 320 1434 adhuc
345 1362 784 1452 defensionisfargumenta‚
820 1359 976 1426 nondum
1008 1380 1027 1424 a
1057 1360 1135 1426 viris
1169 1299 1272 1427 doctis

122 1538 126 1549 s
214 1454 379 1543 exposita.

549 1566 930 1656 INCORAM.

299 1725 428 1828 Apulei.
441 1723 532 1791 'Met
548 1729 583 1790 7.
605 1747 638 1812 p.
656 1727 729 1804 197,
746 1728 798 1788 21.
814 1721 904 1802 (147.
922 1720 1026 1802 Prie.)
1042 1719 1196 1812 festivus
1219 1722 1274 1787 ille

168 1862 170 1865 -
219 1836 375 1882 amasius
391 1814 491 1878 bu'mc
508 1808 654 1891 sordida
665 1820 880 1897 prostratam
895 1805 1274 1873 mulieremibialemin-
1309 1860 1311 1866 ,

217 1923 339 1967 coram
364 1898 516 1962 omnium
536 1893 708 1982 gestiebat
728 1893 936 1959 inscendere.
978 1892 1058 1959 Met.
1084 1897 1115 1957 9.
1141 1917 1176 1980 p.
1203 1901 1274 1972 221,

222 1992 274 2052 17.
292 1989 404 2068 (183.)
422 2005 483 2046 nec
498 1979 627 2070 defuit,
649 1980 765 2066 qui-
784 1981 941 2043 incoram
958 1979 1111 2043 omnium
1134 2002 1276 2045 aureum

175 2089 182 2103 ‘
219 2071 264 2137 de
289 2078 435 2135 rameret
450 2071 667 2130 cantharum.
692 2088 723 2151 p.
741 2070 817 2145 223,
834 2071 885 2128 32.
905 2069 1012 2144 (186.)
1039 2065 1202 2130 insistens
1225 2068 1276 2130 ia-

219 2095 320 2221 baias
343 2155 500 2219 incoram
524 2151 578 2215 sui
593 2149 728 2236 pingas
752 2150 839 2214 milii
862 2172 965 2236 qrrum
985 2148 1162 2236 plurimas
1186 2153 1276 2216 irro-

164 2294 166 2297 .
218 2240 318 2329 gari.
350 2244 400 2303 10.
424 2259 456 2324 p.
474 2239 606 2316 241,·5.
632 2242 737 2316 (213.)
761 2258 846 2300 num
869 2246 901 2299 et
924 2236 1095 2301 iuniorem
1119 2238 1277 2322 incoram

221 2325 277 2391 sui
312 2317 460 2389 unerari
482 2321 630 2388 uidebat.
650 2327 715 2389 ,10.
739 2346 770 2407 p.
787 2324 868 2399 249,
885 2325 941 2400 33.
963 2326 1070 2402 (227.)
1093 2345 1181 2410 qnae
1205 2346 1277 2388 me·

223 2412 478 2476 cumincorum
505 2407 685 2495 publicam
708 2407 833 2494 pupuli
864 2407 1277 2557 caueamsssreqnenturet.

224 2519 307 2584 quae
337 2495 554 2581 corruptione
585 2493 749 2558 laborant.
809 2484 974 2567 Roaldus‚
1042 2494 1278 2559 lmenhorstius

225 2583 346 2668 aliique
367 2580 451 2649 hoc.
467 2602 575 2664 vquem
605 2588 782 2659 vocarunt,
810 2577 993 2641 archaismo
1013 2580 1198 2644 admodum
1225 2581 1278 2645 de·

138 2715 141 2741 1
223 2668 354 2747 lectati,
385 2666 442 2729 ubi
472 2665 599 2729 occasio
622 2689 656 2728 se
683 2665 867 2739 obtulerat,
896 2664 1035 2750 Apuleio
1059 2666 1277 2753 assignabant,

226 2755 324 2819 etiam
346 2752 538 2816 auctoritate
555 2750 706 2814 codicum
726 2748 905 2819 deficiente.
948 2750 1001 2814 Ex
1023 2751 1061 2814 iis
1086 2758 1165 2817 vero
1189 2753 1279 2831 locis,

226 2840 282 2903 ubi
302 2839 514 2902 consentiunt
530 2835 624 2912 libri,
649 2836 697 2899 uti
719 2836 786 2899 iam
808 2835 909 2900 Tom.
924 2841 956 2900 2.
984 2857 1018 2921 p.
1040 2841 1111 2901 131.
1136 2838 1279 2902 demon-

226 2925 344 3004 stravi,
373 2923 482 3006 colligi
514 2930 643 3009 polest,
672 2922 851 3007 Apuleium
883 2943 1001 2984 coram
1029 2921 1069 2988 de
1099 2925 1279 3010 praesentia

191 3075 193 3080 ⁴
228 3011 369 3086 dixisse,
393 3030 468 3072 cum
492 3007 635 3094 genitivo
662 3008 886 3092 coniungens,
912 3007 947 3070 in
973 3029 1093 3070 coram
1117 3010 1278 3083 omnium,

214 3097 267 3167 pin
289 3116 408 3157 corum
424 3092 488 3154 sui.
533 3091 598 3154 Sed
614 3091 965 3179 SymmachussEpisl.
985 3098 1042 3173 10,
1060 3099 1091 3178 7.
1115 3095 1278 3181 quomodo

135 3214 137 3219 ¹
229 3181 321 3246 euim
344 3177 579 3264 praeciperes,
608 3178 697 3264 qrrod
722 3179 877 3242 incoram
898 3177 1030 3263 positus
1052 3178 1282 3266 improbasti?

227 3271 268 3346 3,
293 3271 323 3329 3.
343 3273 443 3327 certe
465 3260 554 3325 illud
576 3262 728 3349 spondeo
751 3276 849 3328 tuam
871 3263 1104 3351 eximietatem
1125 3266 1280 3336 incoram

227 3347 379 3438 reperire
389 3369 492 3434 posse
505 3347 633 3429 multa,
657 3372 743 3437 quac
757 3350 864 3414 tacui.

638 3468 867 3593 mss.

236 3655 243 3667 ⁹
314 3662 463 3727 Primum
482 3661 522 3727 de
547 3661 675 3750 origine
692 3654 842 3732 vocabuli
866 3682 962 3728 INDE.
1004 3666 1140 3727 Ao'tres
1166 3675 1281 3727 sunta

78 3734 79 3738 Ἰ
153 3774 156 3779 ·
230 3747 309 3813 viris
327 3749 432 3811 doctis
450 3749 618 3834 expositae
635 3749 819 3835 opiniones.
840 3748 949 3812 ·Inde
973 3750 1061 3813 enim
1087 3750 1141 3812 alii
1167 3758 1282 3836 putant

232 3834 458 3920 compositum
482 3856 523 3897 ex
546 3835 583 3897 in
607 3846 638 3897 et
663 3834 723 3910 cle,
753 3834 847 3921 quasi
872 3835 978 3916 dicas,
1002 3834 1041 3899 de
1066 3857 1106 3899 eo
1131 3833 1229 3913 loco,
1251 3835 1281 3898 in

232 3942 300 4006 quo
328 3920 406 4004 quid
430 3929 490 3983 est.
536 3920 630 3998 Quae
648 3920 800 3984 dictionis
823 3921 1120 4008 sive'cogitationis
1140 3919 1281 3986 brevitas

233 4005 327 4069 omni
348 4004 483 4095 ratione¹
501 4003 696 4073 destituitur.
742 4007 781 4070 G.
803 4006 938 4083 Vossius
957 4006 1058 4091 igitur
1072 4004 1200 4071 factum
1218 4026 1282 4069 esse

97 4126 138 4170 tt·
183 4138 185 4143 .
234 4089 319 4156 dixit
336 4111 378 4156 ex
393 4111 519 4177 ¹graeco
542 4092 651 4170 ἔνθεν,
673 4090 955 4178 quemadmodum
976 4088 1313 4170 dedc‘fieretgdeus..

582 4181 585 4203 l
797 4200 801 4207 ,
1234 4196 1236 4200 .
