2632 4770
480 260 680 350 inaura.
837 280 881 355 ῃ
1048 255 1144 337 aaa
1224 280 1226 285 ¹
1297 280 1299 284 ’

53 472 55 475 ,
163 414 220 468 Cio.
236 413 357 484 51551.
373 412 400 479 Β,
415 411 459 465 16.
478 414 762 484 natumnatum,
783 419 922 486 pamniam
939 421 1016 477 555551
1030 429 1110 495 utana
1164 380 1166 385 Ι

108 498 112 505 ’
127 502 224 555 iterum
241 518 273 553 ao
288 499 391 568 saepiae
407 497 559 571 innitimini
573 501 636 565 dare
651 502 812 571 ooaotiaant.

146 642 196 699 11.
220 633 398 714 Arnobius,
411 614 558 718 scriplbr
573 630 732 697 africanus
749 635 869 701 saeculi
886 642 1006 723 quarti,
1017 652 1106 708 novo
1129 646 1131 651 ’

61 720 177 800 modo,
200 719 257 783 sed
274 718 361 783 haud
378 716 553 804 probabili,
578 718 699 782 iterum
713 719 885 785 coniunxit
903 725 979 788 oum
996 728 1109 793 excla-

60 806 205 870 matione
222 829 259 879 0,
283 805 482 882 annuatur,
508 802 550 865 ad
566 824 618 889 55,
640 824 723 889 quae
740 815 816 870 aute
832 807 977 889 dixerat,
998 810 1107 900 raspi-

62 893 157 955 ciens.
201 887 369 976 Significat
392 882 491 973 igitur
513 901 637 950 nomen
662 889 787 952 iterum*
807 896 1105 977 pronuntiandum.

57 977 192 1041 Advers.
222 977 342 1038 Gentes
369 979 399 1036 1.
428 996 460 1060 p.
487 977 538 1052 15,
562 975 614 1036 35.
649 973 731 1058 quid
754 972 890 1055 dicitis,
918 1002 938 1042 0
962 980 1109 1047 iterum?

58 1061 268 1128 Antecedunt
284 1056 381 1122 verba
402 1055 484 1144 qaid
500 1056 643 1136 dicitis,
658 1082 677 1120 o
688 1059 852 1142 parvuli?
872 1064 905 1126 6.
929 1087 962 1150 p.
984 1068 1035 1140 98,
1053 1073 1106 1131 ιω,

44 1148 182 1224 dieite,
205 1169 225 1208 o
243 1145 377 1208 iterum.
422 1145 525 1206 Antea
539 1142 657 1227 legitur
673 1141 755 1228 qaid
772 1142 906 1228 dicitio,
931 1172 950 1211 0
963 1150 1109 1234 gentes?

59 1233 114 1296 Sia
129 1252 226 1317 saepe
243 1229 373 1317 scripsit
388 1251 409 1292 o
428 1227 497 1293 tati.
542 1229 623 1293 Vide
640 1227 868 1292 Elmenhorst.
888 1254 922 1318 p.
937 1239 990 1298 23,
1049 1232 1051 1237 '

142 1397 183 1463 11.
229 1404 258 1462 1.
282 1397 412 1462 Iterum
430 1390 535 1480 ‘quum
551 1395 687 1482 proprie
703 1395 900 1483 significaret
923 1398 1014 1465 idem
1027 1426 1107 1471 rar·
1185 1419 1187 1423 ‘

59 1505 134 1563 aaa,
156 1483 255 1548 facile
272 1481 342 1548 fieri
359 1490 509 1581 poterat,
524 1492 563 1545 at
579 1482 672 1544 notio
696 1482 842 1570 eiusdem
864 1484 912 1547 rei
936 1488 1106 1556 omittere.

58 1579 131 1650 tur,
162 1580 259 1656 atque
281 1567 440 1655 particula
466 1565 542 1629 iude
558 1589 580 1629 5
606 1566 690 1630 Livii
713 1577 866 1655 ternpore
888 1586 1106 1657 usurparetur

59 1655 99 1718 de
116 1677 151 1718 ro
171 1655 219 1720 vel
239 1655 338 1719 altera
363 1650 551 1728 5155155515,
577 1651 629 1715 vel
646 1673 688 1715 ex
712 1653 811 1718 altera
833 1661 924 1740 parte
945 1655 1025 1721 item
1050 1657 1105 1723 fa-

40 1751 128 1816 eta:
154 1762 219 1826 quo
245 1741 376 1825 quidem
395 1759 465 1802 non
488 1736 607 1799 dicitur
630 1738 778 1802 eamdem
802 1761 871 1802 rem
891 1741 1105 1817 antefactum,

58 1827 114 1888 aed
133 1822 267 1889 alteram
288 1826 405 1895 eodem
428 1823 478 1886 vel
494 1820 592 1885 simili
608 1823 723 1885 modo.
753 1823 804 1887 ld
820 1824 990 1910 igiturest,
1014 1831 1104 1913 quod

58 1932 212 1994 graecum
237 1905 287 1974 αὖ.
330 1910 445 1994 Neque
462 1928 538 1971 vero
561 1926 752 1994 perversum
773 1928 872 1972 usum
896 1931 971 1974 oum
988 1914 1106 1979 Noite-

58 1997 114 2057 nio
131 1998 163 2059 in
182 1995 232 2059 hia
252 2015 477 2083 agnoscemus,
498 1993 554 2056 sed
575 2013 700 2057 novum
714 2004 745 2058 et
761 2016 803 2057 ex
817 1994 981 2081 primitiva
1000 1996 1127 2085 signi-³

57 2079 206 2146 ficatione
238 2081 383 2146 vocabuli
407 2077 607 2166 profectum.
665 2081 708 2140 At
729 2088 799 2142 non
825 2079 887 2143 dioi
909 2093 1021 2167 potest
1042 2107 1104 2172 pro

58 2167 221 2240 vicissim,
252 2167 351 2230 veluti
382 2188 445 2251 ego
477 2164 599 2227 iterum
628 2161 692 2226 aba·
724 2161 973 2250 gratifioabor:
1012 2169 1104 2255 quod

57 2253 177 2313 morito
191 2251 339 2315 Vorstius
356 2251 441 2312 inter
454 2258 602 2334 suspecta
620 2257 651 2309 et
662 2246 742 2311 falsa
754 2249 867 2314 retulit
882 2257 969 2317 c.18.
986 2277 1019 2341 p.
1031 2257 1102 2321 165.

60 2333 113 2400 ef.
131 2336 248 2398 Cellar.
273 2333 442 2398 Antibarb.
459 2356 490 2419 p.
511 2338 588 2395 171.
604 2332 682 2411 Cur.
699 2344 785 2418 pont.
808 2359 842 2420 p.
859 2341 933 2400 339.

159 2468 221 2521 Liv.
237 2468 282 2532 21,
298 2465 341 2532 18,
360 2465 404 2519 14.
417 2458 536 2545 ,5555515
553 2467 647 2520 iterum
662 2466 719 2518 aina
734 2470 820 2535 effuso
841 2470 933 2520 bellam
947 2472 1008 2526 dore
1023 2475 1103 2526 dinis*
1207 2482 1210 2488 ’

127 2564 171 2608 551.
190 2556 219 2607 h.
237 2571 262 2606 e.
289 2558 319 2605 ut
336 2559 417 2629 autea
438 2550 525 2603 sinum
552 2554 671 2627 exatog'u
693 2549 900 2621 1555551,11555
921 2571 992 2606 nuno
1016 2554 1103 2609 ninum

129 2640 237 2693 alludit.
271 2630 656 2701 11555515511555555515515
672 2630 775 2705 diniaaet
794 2637 1018 2706 coniungendam.
1053 2640 1102 2698 Iu>-

127 2723 189 2776 atin.
211 2723 255 2787 21,
271 2722 297 2785 4,
313 2720 339 2774 6.
364 2710 425 2775 bau
442 2722 544 2774 oonsilio
558 2718 726 2791 praeventae,
752 2706 847 2775 iteratio
868 2723 970 2774 aemilia
993 2722 1103 2778 eoncitat

127 2796 582 2877 5151515555555555’555ᾱὶ555115,
601 2822 678 2873 qaam
689 2804 691 2807 ’
701 2803 781 2871 demto
798 2823 824 2859 55
842 2807 976 2876 proditam
997 2808 1101 2872 51515551,
1153 2860 1155 2864 ,

128 2895 221 2946 timens
243 2892 382 2954 indiciam,
399 2890 528 2943 monitam
550 2889 680 2957 quoddam
696 2878 827 2945 anatoliam
846 2919 881 2929 ·-
897 2897 1025 2960 occupata
1045 2891 1102 2952 1115

128 2978 254 3030 videntur
278 2975 370 3028 omnia
388 2967 443 3027 'illa
464 2972 634 3042 repetitionia
656 2975 792 3027 vocabula
811 2975 886 3027 idem·
900 2975 1003 3028 valere.
1046 2977 1102 3034 Sed

127 3066 221 3119 iterum
249 3065 290 3112 551
311 3075 405 3112 rursus
427 3056 500 3127 idem
523 3073 609 3126 agens
631 3058 666 3111 orl
687 3061 871 3129 occupandam
891 3059 1102 3114 dominationem

126 3145 285 3196 concitando
302 3143 423 3196 servitia.
612 3144 617 3149 '

160 3243 445 3310 Τ5511.155.12,66.
469 3262 545 3313 pareo
560 3245 650 3296 ituram
675 3245 812 3297 accusandi
832 3263 937 3299 aaaaaaa
961 3265 1021 3301 5555.
1041 3247 1060 3301 1.
1076 3264 1101 3300 5.

124 3331 152 3384 15
168 3331 326 3398 agrippina.
359 3330 390 3382 15
403 3329 479 3380 Caes.
496 3329 567 3381 Bell.
581 3329 649 3397 gall.
666 3329 693 3392 1,
709 3327 753 3381 44.
770 3334 846 3382 55515
861 3330 963 3400 legitur
975 3334 1012 3384 aio
1032 3335 1100 3386 itam.

126 3415 195 3469 vina
222 3433 248 3482 p.
261 3414 322 3467 523.
356 3415 487 3480 Pompon.
501 3412 577 3464 Mela
594 3410 620 3476 3,
635 3410 661 3476 i,
677 3412 702 3466 1.
724 3414 885 3482 primamque
906 3417 988 3469 omnia
1001 3424 1039 3469 551
1057 3418 1100 3469 in-

126 3503 188 3564 oia,
206 3501 301 3552 deinde
315 3500 346 3551 ob
360 3496 547 3550 inurbanitatem
563 3495 738 3550 habitantium
750 3493 859 3552 inanito.
874 3527 908 3537 -
932 3499 1012 3554 Vasta
1028 3500 1100 3554 dein·

122 3590 153 3640 tie
175 3587 269 3638 iterum
286 3586 341 3636 1555
360 3581 459 3634 belluae
472 3581 606 3647 insaniant.

161 3688 240 3754 Quod
261 3682 486 3746 habitantium,
512 3687 543 3735 ut
564 3676 945 3752 roleeroratiu25mr'ipait:
970 3686 1100 3738 115555155-
1192 3678 1194 3683 ’
1254 3708 1257 3715 ·

127 3773 191 3823 latio
207 3779 242 3824 eat
259 3786 352 3824 555555
366 3768 486 3820 sanitatio
499 3773 525 3820 et
541 3767 634 3818 iterum
654 3769 758 3822 5551155
778 3777 817 3823 aot
832 3786 923 3822 aaaron
945 3771 1099 3823 deambula·

126 3855 219 3906 tionis:
236 3854 264 3905 id
281 3852 364 3906 scribi
379 3851 515 3904 debebat:
533 3859 557 3903 ot
571 3853 641 3925 item.
674 3849 728 3903 via.
746 3868 773 3920 p.
784 3851 847 3907 516.
880 3853 949 3907 Nom
964 3854 1006 3918 in,
1029 3855 1100 3922 quod

130 3955 213 4005 supra
230 3957 256 4007 p.
274 3937 333 3991 ott.
366 3929 1027 4003 5Ρ15511Μ11.2,6,21.’5115111555,1115555555
1042 3943 1098 3990 oet:
1132 3955 1134 3961 ’

125 4023 195 4076 duae
209 4023 383 4076 nominantur
399 4019 519 4073 eiusdem
536 4020 691 4091 argumenti
706 4036 827 4081 5555555.
892 4033 896 4040 ·

99 4157 154 4221 ru.
321 4167 324 4172 ·
767 4159 842 4245 aa
