<?xml version="1.0" encoding="UTF-8"?>
<!DOCTYPE html PUBLIC "-//W3C//DTD XHTML 1.0 Transitional//EN"
    "http://www.w3.org/TR/xhtml1/DTD/xhtml1-transitional.dtd">
<html xmlns="http://www.w3.org/1999/xhtml" xml:lang="en" lang="en">
 <head>
  <title>
</title>
<meta http-equiv="Content-Type" content="text/html;charset=utf-8" />
  <meta name='ocr-system' content='tesseract 3.04.00' />
  <meta name='ocr-capabilities' content='ocr_page ocr_carea ocr_par ocr_line ocrx_word'/>
</head>
<body>
  <div class='ocr_page' id='page_1' title='image "./tursellinusseud01handgoog_0040.png"; bbox 0 0 2632 4770; ppageno 0'>
   <div class='ocr_carea' id='block_1_1' title="bbox 172 206 757 297">
    <p class='ocr_par' dir='ltr' id='par_1_1' title="bbox 172 206 757 297">
     <span class='ocr_line' id='line_1_1' title="bbox 172 206 757 297; baseline -0.002 -13"><span class='ocrx_word' id='word_1_1' title='bbox 172 235 214 297; x_wconf 71' lang='lat'><strong>34</strong></span> <span class='ocrx_word' id='word_1_2' title='bbox 312 206 317 219; x_wconf 59' lang='lat'><strong>¹</strong></span> <span class='ocrx_word' id='word_1_3' title='bbox 626 219 757 284; x_wconf 87' lang='lat' dir='ltr'><strong>HAVD.</strong></span> 
     </span>
    </p>
   </div>
   <div class='ocr_carea' id='block_1_2' title="bbox 175 371 1225 719">
    <p class='ocr_par' dir='ltr' id='par_1_2' title="bbox 175 371 1225 719">
     <span class='ocr_line' id='line_1_2' title="bbox 176 371 1225 469; baseline -0.003 -22"><span class='ocrx_word' id='word_1_4' title='bbox 176 381 314 469; x_wconf 84' lang='lat' dir='ltr'><strong>eogitari</strong></span> <span class='ocrx_word' id='word_1_5' title='bbox 335 373 537 441; x_wconf 87' lang='lat' dir='ltr'><strong>eontrarium</strong></span> <span class='ocrx_word' id='word_1_6' title='bbox 560 390 637 436; x_wconf 90' lang='lat' dir='ltr'><strong>cum</strong></span> <span class='ocrx_word' id='word_1_7' title='bbox 659 371 812 456; x_wconf 84' lang='lat' dir='ltr'><strong>graviore</strong></span> <span class='ocrx_word' id='word_1_8' title='bbox 842 373 1099 452; x_wconf 74' lang='lat' dir='ltr'><strong>asseveratione,</strong></span> <span class='ocrx_word' id='word_1_9' title='bbox 1132 397 1225 465; x_wconf 85' lang='lat' dir='ltr'><strong>quam</strong></span> 
     </span>
     <span class='ocr_line' id='line_1_3' title="bbox 177 455 1225 557; baseline -0.006 -23"><span class='ocrx_word' id='word_1_10' title='bbox 177 490 281 557; x_wconf 87' lang='lat' dir='ltr'><strong>quum</strong></span> <span class='ocrx_word' id='word_1_11' title='bbox 311 464 385 527; x_wconf 88' lang='lat' dir='ltr'><strong>dieo</strong></span> <span class='ocrx_word' id='word_1_12' title='bbox 417 481 486 524; x_wconf 88' lang='lat' dir='ltr'><strong>non</strong></span> <span class='ocrx_word' id='word_1_13' title='bbox 519 455 650 520; x_wconf 80' lang='lat' dir='ltr'><strong>matam</strong></span> <span class='ocrx_word' id='word_1_14' title='bbox 681 469 741 522; x_wconf 86' lang='lat' dir='ltr'><strong>est.</strong></span> <span class='ocrx_word' id='word_1_15' title='bbox 794 457 1007 546; x_wconf 77' lang='lat' dir='ltr'><strong>Quamquam</strong></span> <span class='ocrx_word' id='word_1_16' title='bbox 1042 465 1225 529; x_wconf 83' lang='lat' dir='ltr'><strong>recentiore</strong></span> 
     </span>
     <span class='ocr_line' id='line_1_4' title="bbox 175 541 1225 640; baseline -0.004 -22"><span class='ocrx_word' id='word_1_17' title='bbox 175 567 331 640; x_wconf 69' lang='lat' dir='ltr'><strong>tempore</strong></span> <span class='ocrx_word' id='word_1_18' title='bbox 353 544 461 611; x_wconf 87' lang='lat' dir='ltr'><strong>Latini</strong></span> <span class='ocrx_word' id='word_1_19' title='bbox 483 541 517 606; x_wconf 91' lang='lat' dir='ltr'><strong>id</strong></span> <span class='ocrx_word' id='word_1_20' title='bbox 543 562 661 628; x_wconf 87' lang='lat' dir='ltr'><strong>parum</strong></span> <span class='ocrx_word' id='word_1_21' title='bbox 686 544 863 622; x_wconf 84' lang='lat' dir='ltr'><strong>curabant,</strong></span> <span class='ocrx_word' id='word_1_22' title='bbox 893 555 926 608; x_wconf 90' lang='lat' dir='ltr'><strong>et</strong></span> <span class='ocrx_word' id='word_1_23' title='bbox 976 544 1225 639; x_wconf 83' lang='lat' dir='ltr'><strong>uslemoumque</strong></span> 
     </span>
     <span class='ocr_line' id='line_1_5' title="bbox 175 626 1061 719; baseline -0.01 -13"><span class='ocrx_word' id='word_1_24' title='bbox 175 626 305 706; x_wconf 78' lang='lat' dir='ltr'><strong>litoteta</strong></span> <span class='ocrx_word' id='word_1_25' title='bbox 319 651 381 719; x_wconf 87' lang='lat' dir='ltr'><strong>per</strong></span> <span class='ocrx_word' id='word_1_26' title='bbox 397 627 593 696; x_wconf 77' lang='lat' dir='ltr'><strong>vocabulum</strong></span> <span class='ocrx_word' id='word_1_27' title='bbox 610 649 680 692; x_wconf 86' lang='lat' dir='ltr'><strong>non</strong></span> <span class='ocrx_word' id='word_1_28' title='bbox 696 630 882 716; x_wconf 85' lang='lat' dir='ltr'>exprimere</span> <span class='ocrx_word' id='word_1_29' title='bbox 898 630 968 695; x_wconf 90' lang='lat' dir='ltr'><strong>sole</strong></span> <span class='ocrx_word' id='word_1_30' title='bbox 994 641 1061 697; x_wconf 87' lang='lat' dir='ltr'><strong>ant.</strong></span> 
     </span>
    </p>
   </div>
   <div class='ocr_carea' id='block_1_3' title="bbox 244 745 1223 994">
    <p class='ocr_par' dir='ltr' id='par_1_3' title="bbox 244 745 1223 994">
     <span class='ocr_line' id='line_1_6' title="bbox 280 745 1222 818; baseline -0.001 -12"><span class='ocrx_word' id='word_1_31' title='bbox 280 751 462 806; x_wconf 78' lang='lat' dir='ltr'><strong>Plantl&#39;oen.</strong></span> <span class='ocrx_word' id='word_1_32' title='bbox 479 747 505 812; x_wconf 83' lang='lat'><strong>5,</strong></span> <span class='ocrx_word' id='word_1_33' title='bbox 520 745 546 812; x_wconf 77' lang='grc'><strong>4,</strong></span> <span class='ocrx_word' id='word_1_34' title='bbox 561 746 588 800; x_wconf 90' lang='lat' dir='ltr'><strong>o.</strong></span> <span class='ocrx_word' id='word_1_35' title='bbox 607 749 681 801; x_wconf 77' lang='lat' dir='ltr'><strong>leand</strong></span> <span class='ocrx_word' id='word_1_36' title='bbox 695 750 797 802; x_wconf 74' lang='lat' dir='ltr'><strong>sordem</strong></span> <span class='ocrx_word' id='word_1_37' title='bbox 812 750 881 801; x_wconf 84' lang='lat' dir='ltr'><strong>visus</strong></span> <span class='ocrx_word' id='word_1_38' title='bbox 896 757 932 802; x_wconf 85' lang='lat' dir='ltr'><strong>est</strong></span> <span class='ocrx_word' id='word_1_39' title='bbox 945 755 1032 818; x_wconf 83' lang='lat' dir='ltr'><strong>festos</strong></span> <span class='ocrx_word' id='word_1_40' title='bbox 1046 751 1118 816; x_wconf 80' lang='lat' dir='ltr'><strong>dier,</strong></span> <span class='ocrx_word' id='word_1_41' title='bbox 1137 753 1222 818; x_wconf 76' lang='lat' dir='ltr'><strong>Venas,</strong></span> 
     </span>
     <span class='ocr_line' id='line_1_7' title="bbox 244 830 1223 904; baseline -0.002 -12"><span class='ocrx_word' id='word_1_42' title='bbox 244 852 289 892; x_wconf 81' lang='lat' dir='ltr'><strong>nee</strong></span> <span class='ocrx_word' id='word_1_43' title='bbox 304 846 377 890; x_wconf 86' lang='lat' dir='ltr'><strong>tuam</strong></span> <span class='ocrx_word' id='word_1_44' title='bbox 385 841 492 904; x_wconf 73' lang='lat' dir='ltr'><strong>sonam.</strong></span> <span class='ocrx_word' id='word_1_45' title='bbox 517 832 536 886; x_wconf 91' lang='lat' dir='ltr'><strong>i.</strong></span> <span class='ocrx_word' id='word_1_46' title='bbox 553 849 578 884; x_wconf 88' lang='lat' dir='ltr'><strong>e.</strong></span> <span class='ocrx_word' id='word_1_47' title='bbox 602 830 745 900; x_wconf 82' lang='lat' dir='ltr'><strong>splendere</strong></span> <span class='ocrx_word' id='word_1_48' title='bbox 766 832 840 885; x_wconf 82' lang='lat' dir='ltr'><strong>visus</strong></span> <span class='ocrx_word' id='word_1_49' title='bbox 856 839 905 886; x_wconf 88' lang='lat' dir='ltr'><strong>est.</strong></span> <span class='ocrx_word' id='word_1_50' title='bbox 935 835 1006 888; x_wconf 85' lang='lat' dir='ltr'><strong>Rud.</strong></span> <span class='ocrx_word' id='word_1_51' title='bbox 1021 832 1048 899; x_wconf 74' lang='grc'><strong>5,</strong></span> <span class='ocrx_word' id='word_1_52' title='bbox 1061 835 1089 901; x_wconf 79' lang='lat'><strong>8,</strong></span> <span class='ocrx_word' id='word_1_53' title='bbox 1105 835 1149 892; x_wconf 69' lang='lat' dir='ltr'><strong>rt.</strong></span> <span class='ocrx_word' id='word_1_54' title='bbox 1174 839 1223 892; x_wconf 80' lang='lat' dir='ltr'><strong>ian</strong></span> 
     </span>
     <span class='ocr_line' id='line_1_8' title="bbox 246 918 1219 994; baseline 0.003 -18"><span class='ocrx_word' id='word_1_55' title='bbox 246 925 281 976; x_wconf 78' lang='lat' dir='ltr'><strong>nd</strong></span> <span class='ocrx_word' id='word_1_56' title='bbox 291 923 339 974; x_wconf 85' lang='lat' dir='ltr'><strong>isto</strong></span> <span class='ocrx_word' id='word_1_57' title='bbox 354 925 458 988; x_wconf 74' lang='lat' dir='ltr'><strong>anferre</strong></span> <span class='ocrx_word' id='word_1_58' title='bbox 468 919 540 970; x_wconf 82' lang='lat' dir='ltr'><strong>troad</strong></span> <span class='ocrx_word' id='word_1_59' title='bbox 554 918 652 981; x_wconf 85' lang='lat' dir='ltr'><strong>sinam,</strong></span> <span class='ocrx_word' id='word_1_60' title='bbox 671 919 723 969; x_wconf 86' lang='lat' dir='ltr'><strong>nisi</strong></span> <span class='ocrx_word' id='word_1_61' title='bbox 739 919 818 970; x_wconf 83' lang='lat' dir='ltr'><strong>istum</strong></span> <span class='ocrx_word' id='word_1_62' title='bbox 832 919 1042 974; x_wconf 82' lang='lat' dir='ltr'><strong>sondemnaoero.</strong></span> <span class='ocrx_word' id='word_1_63' title='bbox 1066 923 1132 978; x_wconf 75' lang='lat' dir='ltr'><strong>Atta</strong></span> <span class='ocrx_word' id='word_1_64' title='bbox 1146 938 1219 994; x_wconf 67' lang='lat' dir='ltr'><strong>snpra</strong></span> 
     </span>
    </p>
   </div>
   <div class='ocr_carea' id='block_1_4' title="bbox 245 1000 1147 1073">
    <p class='ocr_par' dir='ltr' id='par_1_4' title="bbox 245 1000 1147 1073">
     <span class='ocr_line' id='line_1_9' title="bbox 245 1000 1147 1073; baseline 0.002 -14"><span class='ocrx_word' id='word_1_65' title='bbox 245 1007 303 1061; x_wconf 84' lang='lat' dir='ltr'><strong>ism</strong></span> <span class='ocrx_word' id='word_1_66' title='bbox 316 1005 402 1058; x_wconf 81' lang='lat' dir='ltr'><strong>allato</strong></span> <span class='ocrx_word' id='word_1_67' title='bbox 416 1009 478 1056; x_wconf 86' lang='lat' dir='ltr'><strong>sant</strong></span> <span class='ocrx_word' id='word_1_68' title='bbox 493 1019 511 1057; x_wconf 90' lang='lat' dir='ltr'><strong>n</strong></span> <span class='ocrx_word' id='word_1_69' title='bbox 524 1000 619 1066; x_wconf 79' lang='lat' dir='ltr'><strong>nobis,</strong></span> <span class='ocrx_word' id='word_1_70' title='bbox 638 1007 667 1055; x_wconf 84' lang='lat' dir='ltr'><strong>et</strong></span> <span class='ocrx_word' id='word_1_71' title='bbox 683 1018 700 1056; x_wconf 85' lang='lat' dir='ltr'><strong>s</strong></span> <span class='ocrx_word' id='word_1_72' title='bbox 715 1001 809 1055; x_wconf 75' lang='lat' dir='ltr'><strong>Cor-tio</strong></span> <span class='ocrx_word' id='word_1_73' title='bbox 823 1001 860 1056; x_wconf 80' lang='lat' dir='ltr'><strong>ed</strong></span> <span class='ocrx_word' id='word_1_74' title='bbox 873 1002 986 1057; x_wconf 78' lang='lat' dir='ltr'><strong>Sallust.</strong></span> <span class='ocrx_word' id='word_1_75' title='bbox 1002 1006 1062 1060; x_wconf 77' lang='lat' dir='ltr'><strong>cat.</strong></span> <span class='ocrx_word' id='word_1_76' title='bbox 1077 1007 1105 1073; x_wconf 79' lang='grc'><strong>3,</strong></span> <span class='ocrx_word' id='word_1_77' title='bbox 1119 1007 1147 1060; x_wconf 90' lang='grc'><strong>1.</strong></span> 
     </span>
    </p>
   </div>
   <div class='ocr_carea' id='block_1_5' title="bbox 99 1103 1225 2300">
    <p class='ocr_par' dir='ltr' id='par_1_5' title="bbox 99 1103 1225 2300">
     <span class='ocr_line' id='line_1_10' title="bbox 259 1103 1217 1176; baseline 0.002 -2"><span class='ocrx_word' id='word_1_78' title='bbox 259 1111 412 1174; x_wconf 85' lang='lat' dir='ltr'><strong>Attamen</strong></span> <span class='ocrx_word' id='word_1_79' title='bbox 434 1103 513 1168; x_wconf 88' lang='lat' dir='ltr'><strong>haec</strong></span> <span class='ocrx_word' id='word_1_80' title='bbox 531 1103 628 1168; x_wconf 89' lang='lat' dir='ltr'><strong>etiam</strong></span> <span class='ocrx_word' id='word_1_81' title='bbox 651 1103 843 1169; x_wconf 87' lang='lat' dir='ltr'><strong>moderatur</strong></span> <span class='ocrx_word' id='word_1_82' title='bbox 856 1118 1019 1172; x_wconf 87' lang='lat' dir='ltr'><strong>accentus.</strong></span> <span class='ocrx_word' id='word_1_83' title='bbox 1041 1109 1217 1176; x_wconf 86' lang='lat' dir='ltr'><strong>-Nimirnm</strong></span> 
     </span>
     <span class='ocr_line' id='line_1_11' title="bbox 178 1188 1216 1284; baseline 0 -23"><span class='ocrx_word' id='word_1_84' title='bbox 178 1216 281 1284; x_wconf 87' lang='lat' dir='ltr'><strong>quum</strong></span> <span class='ocrx_word' id='word_1_85' title='bbox 297 1192 429 1281; x_wconf 85' lang='lat' dir='ltr'><strong>gravior</strong></span> <span class='ocrx_word' id='word_1_86' title='bbox 445 1192 596 1254; x_wconf 89' lang='lat' dir='ltr'><strong>ae&#39;oentus</strong></span> <span class='ocrx_word' id='word_1_87' title='bbox 611 1188 795 1276; x_wconf 88' lang='lat' dir='ltr'><strong>imponitur</strong></span> <span class='ocrx_word' id='word_1_88' title='bbox 810 1192 971 1257; x_wconf 89' lang='lat' dir='ltr'><strong>vocabulo</strong></span> <span class='ocrx_word' id='word_1_89' title='bbox 990 1194 1106 1276; x_wconf 77' lang='lat' dir='ltr'><strong>hand,</strong></span> <span class='ocrx_word' id='word_1_90' title='bbox 1125 1195 1216 1261; x_wconf 81' lang='lat' dir='ltr'><strong>rehe-</strong></span> 
     </span>
     <span class='ocr_line' id='line_1_12' title="bbox 170 1275 1221 1369; baseline -0.002 -22"><span class='ocrx_word' id='word_1_91' title='bbox 170 1282 319 1361; x_wconf 80' lang='lat' dir='ltr'><strong>mentius</strong></span> <span class='ocrx_word' id='word_1_92' title='bbox 335 1298 421 1362; x_wconf 82' lang='lat' dir='ltr'><strong>nego</strong></span> <span class='ocrx_word' id='word_1_93' title='bbox 437 1295 609 1349; x_wconf 83' lang='lat' dir='ltr'><strong>asserem,</strong></span> <span class='ocrx_word' id='word_1_94' title='bbox 626 1275 727 1338; x_wconf 86' lang='lat' dir='ltr'><strong>vetuti</strong></span> <span class='ocrx_word' id='word_1_95' title='bbox 747 1275 863 1339; x_wconf 79' lang='lat' dir='ltr'><strong>lrarid</strong></span> <span class='ocrx_word' id='word_1_96' title='bbox 876 1277 1007 1341; x_wconf 83' lang='lat' dir='ltr'><strong>mulum</strong></span> <span class='ocrx_word' id='word_1_97' title='bbox 1023 1291 1084 1359; x_wconf 81' lang='lat' dir='ltr'><strong>est,</strong></span> <span class='ocrx_word' id='word_1_98' title='bbox 1101 1290 1133 1344; x_wconf 87' lang='lat' dir='ltr'><strong>et</strong></span> <span class='ocrx_word' id='word_1_99' title='bbox 1149 1303 1221 1369; x_wconf 83' lang='lat' dir='ltr'><strong>ger-</strong></span> 
     </span>
     <span class='ocr_line' id='line_1_13' title="bbox 177 1359 1225 1456; baseline -0.002 -23"><span class='ocrx_word' id='word_1_100' title='bbox 177 1366 305 1434; x_wconf 86' lang='lat' dir='ltr'><strong>manice</strong></span> <span class='ocrx_word' id='word_1_101' title='bbox 332 1387 366 1428; x_wconf 91' lang='lat' dir='ltr'><strong>es</strong></span> <span class='ocrx_word' id='word_1_102' title='bbox 382 1364 428 1426; x_wconf 85' lang='lat' dir='ltr'><strong>ist</strong></span> <span class='ocrx_word' id='word_1_103' title='bbox 438 1364 511 1446; x_wconf 77' lang='lat' dir='ltr'><strong>gdr</strong></span> <span class='ocrx_word' id='word_1_104' title='bbox 527 1359 627 1456; x_wconf 33' lang='lat' dir='ltr'><strong>‘nieht</strong></span> <span class='ocrx_word' id='word_1_105' title='bbox 657 1394 701 1406; x_wconf 89' lang='lat'>-</span> <span class='ocrx_word' id='word_1_106' title='bbox 714 1359 878 1444; x_wconf 82' lang='lat' dir='ltr'><strong>sclaleolrt,</strong></span> <span class='ocrx_word' id='word_1_107' title='bbox 906 1362 950 1426; x_wconf 90' lang='lat' dir='ltr'><strong>ita</strong></span> <span class='ocrx_word' id='word_1_108' title='bbox 965 1385 1070 1451; x_wconf 88' lang='lat' dir='ltr'><strong>nego,</strong></span> <span class='ocrx_word' id='word_1_109' title='bbox 1105 1375 1142 1431; x_wconf 89' lang='lat' dir='ltr'><strong>ut</strong></span> <span class='ocrx_word' id='word_1_110' title='bbox 1166 1366 1225 1431; x_wconf 85' lang='lat' dir='ltr'><strong>bo·</strong></span> 
     </span>
     <span class='ocr_line' id='line_1_14' title="bbox 177 1445 1225 1540; baseline -0.008 -22"><span class='ocrx_word' id='word_1_111' title='bbox 177 1474 261 1519; x_wconf 79' lang='lat' dir='ltr'><strong>nram</strong></span> <span class='ocrx_word' id='word_1_112' title='bbox 285 1449 420 1536; x_wconf 87' lang='lat' dir='ltr'><strong>eogitari</strong></span> <span class='ocrx_word' id='word_1_113' title='bbox 443 1454 570 1532; x_wconf 76' lang='lat' dir='ltr'><strong>possita</strong></span> <span class='ocrx_word' id='word_1_114' title='bbox 603 1464 683 1507; x_wconf 91' lang='lat' dir='ltr'><strong>nam</strong></span> <span class='ocrx_word' id='word_1_115' title='bbox 705 1445 851 1511; x_wconf 87' lang='lat' dir='ltr'><strong>reiicitur</strong></span> <span class='ocrx_word' id='word_1_116' title='bbox 875 1451 1035 1514; x_wconf 88' lang='lat' dir='ltr'><strong>sententia</strong></span> <span class='ocrx_word' id='word_1_117' title='bbox 1059 1451 1145 1531; x_wconf 89' lang='lat' dir='ltr'><strong>eius,</strong></span> <span class='ocrx_word' id='word_1_118' title='bbox 1169 1448 1225 1540; x_wconf 89' lang='lat' dir='ltr'><strong>qui</strong></span> 
     </span>
     <span class='ocr_line' id='line_1_15' title="bbox 102 1530 1225 1604; baseline 0.004 -8"><span class='ocrx_word' id='word_1_119' title='bbox 102 1545 131 1596; x_wconf 57' lang='lat' dir='ltr'><strong>&#39;t</strong></span> <span class='ocrx_word' id='word_1_120' title='bbox 178 1538 306 1604; x_wconf 85' lang='lat' dir='ltr'><strong>dixerat</strong></span> <span class='ocrx_word' id='word_1_121' title='bbox 322 1533 444 1598; x_wconf 91' lang='lat' dir='ltr'><strong>malam</strong></span> <span class='ocrx_word' id='word_1_122' title='bbox 466 1551 536 1595; x_wconf 91' lang='lat' dir='ltr'><strong>esse</strong></span> <span class='ocrx_word' id='word_1_123' title='bbox 557 1549 640 1596; x_wconf 89' lang='lat' dir='ltr'><strong>rem.</strong></span> <span class='ocrx_word' id='word_1_124' title='bbox 691 1530 833 1595; x_wconf 79' lang='lat' dir='ltr'><strong>Assentu</strong></span> <span class='ocrx_word' id='word_1_125' title='bbox 855 1543 964 1597; x_wconf 89' lang='lat' dir='ltr'><strong>autern</strong></span> <span class='ocrx_word' id='word_1_126' title='bbox 992 1535 1116 1600; x_wconf 89' lang='lat' dir='ltr'><strong>elevato</strong></span> <span class='ocrx_word' id='word_1_127' title='bbox 1140 1539 1225 1602; x_wconf 82' lang='lat' dir='ltr'><strong>etin</strong></span> 
     </span>
     <span class='ocr_line' id='line_1_16' title="bbox 174 1618 1225 1707; baseline -0.001 -19"><span class='ocrx_word' id='word_1_128' title='bbox 174 1639 304 1702; x_wconf 77' lang='lat' dir='ltr'><strong>nornen</strong></span> <span class='ocrx_word' id='word_1_129' title='bbox 332 1618 510 1698; x_wconf 87' lang='lat' dir='ltr'><strong>translato,</strong></span> <span class='ocrx_word' id='word_1_130' title='bbox 540 1624 670 1679; x_wconf 89' lang='lat' dir='ltr'><strong>tantum</strong></span> <span class='ocrx_word' id='word_1_131' title='bbox 701 1637 872 1682; x_wconf 88' lang='lat' dir='ltr'><strong>removere</strong></span> <span class='ocrx_word' id='word_1_132' title='bbox 893 1619 992 1706; x_wconf 84' lang='lat' dir='ltr'><strong>cupio</strong></span> <span class='ocrx_word' id='word_1_133' title='bbox 1020 1621 1225 1707; x_wconf 76' lang='lat' dir='ltr'><strong>opinionem,</strong></span> 
     </span>
     <span class='ocr_line' id='line_1_17' title="bbox 177 1705 1225 1797; baseline -0.007 -23"><span class='ocrx_word' id='word_1_134' title='bbox 177 1731 275 1797; x_wconf 89' lang='lat' dir='ltr'><strong>quam</strong></span> <span class='ocrx_word' id='word_1_135' title='bbox 285 1707 327 1770; x_wconf 90' lang='lat' dir='ltr'><strong>de</strong></span> <span class='ocrx_word' id='word_1_136' title='bbox 343 1705 449 1791; x_wconf 89' lang='lat' dir='ltr'><strong>aliqua</strong></span> <span class='ocrx_word' id='word_1_137' title='bbox 463 1723 499 1765; x_wconf 92' lang='lat' dir='ltr'><strong>re</strong></span> <span class='ocrx_word' id='word_1_138' title='bbox 510 1711 704 1786; x_wconf 87' lang='lat' dir='ltr'><strong>conceptam</strong></span> <span class='ocrx_word' id='word_1_139' title='bbox 722 1713 853 1766; x_wconf 82' lang='lat' dir='ltr'><strong>essesut</strong></span> <span class='ocrx_word' id='word_1_140' title='bbox 862 1705 993 1790; x_wconf 86' lang='lat' dir='ltr'><strong>concipi</strong></span> <span class='ocrx_word' id='word_1_141' title='bbox 1004 1728 1103 1793; x_wconf 87' lang='lat' dir='ltr'><strong>posse</strong></span> <span class='ocrx_word' id='word_1_142' title='bbox 1118 1709 1225 1774; x_wconf 71' lang='lat' dir='ltr'><strong>rideo⁴</strong></span> 
     </span>
     <span class='ocr_line' id='line_1_18' title="bbox 178 1786 1225 1878; baseline -0.002 -20"><span class='ocrx_word' id='word_1_143' title='bbox 178 1797 231 1861; x_wconf 88' lang='lat' dir='ltr'><strong>Sic</strong></span> <span class='ocrx_word' id='word_1_144' title='bbox 258 1792 394 1856; x_wconf 88' lang='lat' dir='ltr'><strong>dicimus</strong></span> <span class='ocrx_word' id='word_1_145' title='bbox 415 1786 511 1852; x_wconf 73' lang='lat' dir='ltr'><strong>leand</strong></span> <span class='ocrx_word' id='word_1_146' title='bbox 537 1788 697 1849; x_wconf 64' lang='lat' dir='ltr'><strong>mettum</strong></span> <span class='ocrx_word' id='word_1_147' title='bbox 726 1798 795 1868; x_wconf 86' lang='lat' dir='ltr'><strong>est,</strong></span> <span class='ocrx_word' id='word_1_148' title='bbox 823 1811 857 1851; x_wconf 87' lang='lat' dir='ltr'><strong>es</strong></span> <span class='ocrx_word' id='word_1_149' title='bbox 882 1789 929 1852; x_wconf 84' lang='lat' dir='ltr'><strong>ist</strong></span> <span class='ocrx_word' id='word_1_150' title='bbox 958 1828 1001 1841; x_wconf 87' lang='lat'>-</span> <span class='ocrx_word' id='word_1_151' title='bbox 1029 1816 1103 1878; x_wconf 83' lang='lat' dir='ltr'><strong>gur</strong></span> <span class='ocrx_word' id='word_1_152' title='bbox 1131 1795 1225 1858; x_wconf 69' lang='lat' dir='ltr'><strong>nield</strong></span> 
     </span>
     <span class='ocr_line' id='line_1_19' title="bbox 176 1870 1225 1958; baseline -0.003 -11"><span class='ocrx_word' id='word_1_153' title='bbox 176 1880 338 1953; x_wconf 70' lang='lat' dir='ltr'><strong>sodldolst,</strong></span> <span class='ocrx_word' id='word_1_154' title='bbox 358 1885 395 1938; x_wconf 88' lang='lat' dir='ltr'><strong>ut</strong></span> <span class='ocrx_word' id='word_1_155' title='bbox 411 1870 691 1957; x_wconf 85' lang='lat' dir='ltr'><strong>intelligatur-nisi</strong></span> <span class='ocrx_word' id='word_1_156' title='bbox 712 1871 856 1953; x_wconf 83' lang='lat' dir='ltr'><strong>bonurn,</strong></span> <span class='ocrx_word' id='word_1_157' title='bbox 877 1883 989 1958; x_wconf 86' lang='lat' dir='ltr'><strong>tamen</strong></span> <span class='ocrx_word' id='word_1_158' title='bbox 1011 1900 1080 1942; x_wconf 91' lang='lat' dir='ltr'><strong>non</strong></span> <span class='ocrx_word' id='word_1_159' title='bbox 1105 1878 1225 1943; x_wconf 72' lang='lat' dir='ltr'><strong>admo-</strong></span> 
     </span>
     <span class='ocr_line' id='line_1_20' title="bbox 177 1956 1225 2042; baseline -0.005 -10"><span class='ocrx_word' id='word_1_160' title='bbox 177 1966 258 2032; x_wconf 91' lang='lat' dir='ltr'><strong>dum</strong></span> <span class='ocrx_word' id='word_1_161' title='bbox 276 1961 412 2031; x_wconf 83' lang='lat' dir='ltr'><strong>malum.</strong></span> <span class='ocrx_word' id='word_1_162' title='bbox 443 1957 478 2019; x_wconf 90' lang='lat' dir='ltr'><strong>td</strong></span> <span class='ocrx_word' id='word_1_163' title='bbox 497 1956 655 2020; x_wconf 86' lang='lat' dir='ltr'><strong>Germani</strong></span> <span class='ocrx_word' id='word_1_164' title='bbox 671 1959 768 2021; x_wconf 89' lang='lat' dir='ltr'><strong>etiam</strong></span> <span class='ocrx_word' id='word_1_165' title='bbox 788 1959 898 2022; x_wconf 86' lang='lat' dir='ltr'><strong>dieunt</strong></span> <span class='ocrx_word' id='word_1_166' title='bbox 915 1960 997 2025; x_wconf 81' lang='lat' dir='ltr'><strong>eben</strong></span> <span class='ocrx_word' id='word_1_167' title='bbox 1011 1963 1115 2042; x_wconf 72' lang='lat' dir='ltr'><strong>nicta,</strong></span> <span class='ocrx_word' id='word_1_168' title='bbox 1137 1965 1225 2031; x_wconf 79' lang='lat' dir='ltr'><strong>wei-</strong></span> 
     </span>
     <span class='ocr_line' id='line_1_21' title="bbox 99 2041 1225 2132; baseline -0.004 -14"><span class='ocrx_word' id='word_1_169' title='bbox 99 2115 103 2132; x_wconf 73' lang='grc'><em>,</em></span> <span class='ocrx_word' id='word_1_170' title='bbox 177 2065 230 2117; x_wconf 82' lang='lat' dir='ltr'><strong>ter</strong></span> <span class='ocrx_word' id='word_1_171' title='bbox 245 2042 349 2115; x_wconf 77' lang='lat' dir='ltr'><strong>nicht.</strong></span> <span class='ocrx_word' id='word_1_172' title='bbox 389 2043 538 2106; x_wconf 79' lang='lat' dir='ltr'><strong>Donatus</strong></span> <span class='ocrx_word' id='word_1_173' title='bbox 558 2041 598 2104; x_wconf 94' lang='lat' dir='ltr'><strong>ad</strong></span> <span class='ocrx_word' id='word_1_174' title='bbox 612 2041 759 2105; x_wconf 87' lang='lat' dir='ltr'><strong>Terentii</strong></span> <span class='ocrx_word' id='word_1_175' title='bbox 778 2043 876 2107; x_wconf 85' lang='lat' dir='ltr'><strong>verba</strong></span> <span class='ocrx_word' id='word_1_176' title='bbox 890 2049 1029 2112; x_wconf 72' lang='lat' dir='ltr'><strong>conveni</strong></span> <span class='ocrx_word' id='word_1_177' title='bbox 1043 2085 1087 2098; x_wconf 93' lang='lat'><strong>·-</strong></span> <span class='ocrx_word' id='word_1_178' title='bbox 1109 2049 1225 2114; x_wconf 77' lang='grc' dir='ltr'><em>Ιιοηιὶ-</em></span> 
     </span>
     <span class='ocr_line' id='line_1_22' title="bbox 178 2125 1218 2224; baseline -0.001 -22"><span class='ocrx_word' id='word_1_179' title='bbox 178 2159 256 2203; x_wconf 87' lang='lat' dir='ltr'><strong>nem</strong></span> <span class='ocrx_word' id='word_1_180' title='bbox 267 2129 364 2197; x_wconf 73' lang='lat' dir='ltr'><strong>leand</strong></span> <span class='ocrx_word' id='word_1_181' title='bbox 379 2128 551 2213; x_wconf 83' lang='lat' dir='ltr'><strong>impurum</strong></span> <span class='ocrx_word' id='word_1_182' title='bbox 565 2125 662 2189; x_wconf 88' lang='lat' dir='ltr'><strong>haeo:</strong></span> <span class='ocrx_word' id='word_1_183' title='bbox 684 2129 781 2192; x_wconf 83' lang='lat' dir='ltr'><strong>etsie</strong></span> <span class='ocrx_word' id='word_1_184' title='bbox 797 2128 981 2194; x_wconf 75' lang='lat' dir='ltr'><strong>inridemus</strong></span> <span class='ocrx_word' id='word_1_185' title='bbox 1000 2157 1055 2198; x_wconf 89' lang='lat' dir='ltr'><strong>eos</strong></span> <span class='ocrx_word' id='word_1_186' title='bbox 1064 2183 1074 2218; x_wconf 90' lang='lat'><strong>,</strong></span> <span class='ocrx_word' id='word_1_187' title='bbox 1094 2135 1133 2199; x_wconf 83' lang='lat' dir='ltr'><strong>in</strong></span> <span class='ocrx_word' id='word_1_188' title='bbox 1146 2136 1218 2224; x_wconf 82' lang='lat' dir='ltr'><strong>qni·</strong></span> 
     </span>
     <span class='ocr_line' id='line_1_23' title="bbox 178 2211 967 2300; baseline -0.009 -13"><span class='ocrx_word' id='word_1_189' title='bbox 178 2222 238 2287; x_wconf 85' lang='lat' dir='ltr'><strong>bns</strong></span> <span class='ocrx_word' id='word_1_190' title='bbox 254 2216 344 2285; x_wconf 82' lang='lat' dir='ltr'><strong>nilsil</strong></span> <span class='ocrx_word' id='word_1_191' title='bbox 357 2225 417 2289; x_wconf 86' lang='lat' dir='ltr'><strong>est,</strong></span> <span class='ocrx_word' id='word_1_192' title='bbox 443 2212 532 2300; x_wconf 35' lang='lat' dir='ltr'><strong>qrrsod</strong></span> <span class='ocrx_word' id='word_1_193' title='bbox 546 2234 756 2299; x_wconf 76' lang='lat' dir='ltr'><strong>magnopere</strong></span> <span class='ocrx_word' id='word_1_194' title='bbox 774 2211 967 2300; x_wconf 71' lang='lat' dir='ltr'><strong>efferamus.</strong></span> 
     </span>
    </p>
   </div>
   <div class='ocr_carea' id='block_1_6' title="bbox 214 2322 1213 2744">
    <p class='ocr_par' dir='ltr' id='par_1_6' title="bbox 242 2322 1213 2655">
     <span class='ocr_line' id='line_1_24' title="bbox 278 2322 1213 2402; baseline 0.002 -12"><span class='ocrx_word' id='word_1_195' title='bbox 278 2338 370 2391; x_wconf 74' lang='lat' dir='ltr'><strong>risus.</strong></span> <span class='ocrx_word' id='word_1_196' title='bbox 388 2329 540 2395; x_wconf 68' lang='lat' dir='ltr'><strong>naseu-n,</strong></span> <span class='ocrx_word' id='word_1_197' title='bbox 562 2331 589 2396; x_wconf 80' lang='lat' dir='ltr'><strong>a,</strong></span> <span class='ocrx_word' id='word_1_198' title='bbox 608 2330 651 2384; x_wconf 82' lang='lat' dir='ltr'><strong>ao.</strong></span> <span class='ocrx_word' id='word_1_199' title='bbox 679 2333 773 2384; x_wconf 67' lang='lat' dir='ltr'><strong>arettae</strong></span> <span class='ocrx_word' id='word_1_200' title='bbox 795 2341 873 2402; x_wconf 70' lang='lat' dir='ltr'><strong>esque</strong></span> <span class='ocrx_word' id='word_1_201' title='bbox 893 2336 966 2388; x_wconf 76' lang='lat' dir='ltr'><strong>naas</strong></span> <span class='ocrx_word' id='word_1_202' title='bbox 986 2339 1073 2391; x_wconf 69' lang='lat' dir='ltr'><strong>metae</strong></span> <span class='ocrx_word' id='word_1_203' title='bbox 1093 2322 1213 2392; x_wconf 63' lang='lat' dir='ltr'><strong>annia.</strong></span> 
     </span>
     <span class='ocr_line' id='line_1_25' title="bbox 243 2414 1213 2481; baseline -0.002 -3"><span class='ocrx_word' id='word_1_204' title='bbox 243 2426 263 2478; x_wconf 91' lang='lat' dir='ltr'><strong>i.</strong></span> <span class='ocrx_word' id='word_1_205' title='bbox 279 2441 303 2476; x_wconf 90' lang='lat' dir='ltr'><strong>e.</strong></span> <span class='ocrx_word' id='word_1_206' title='bbox 319 2422 406 2475; x_wconf 85' lang='lat' dir='ltr'><strong>aoeiter</strong></span> <span class='ocrx_word' id='word_1_207' title='bbox 420 2420 489 2470; x_wconf 76' lang='lat' dir='ltr'><strong>nieht</strong></span> <span class='ocrx_word' id='word_1_208' title='bbox 504 2419 567 2469; x_wconf 77' lang='lat' dir='ltr'><strong>dise.</strong></span> <span class='ocrx_word' id='word_1_209' title='bbox 592 2415 618 2480; x_wconf 78' lang='lat'><strong>5,</strong></span> <span class='ocrx_word' id='word_1_210' title='bbox 634 2417 659 2481; x_wconf 77' lang='lat'><strong>2,</strong></span> <span class='ocrx_word' id='word_1_211' title='bbox 675 2414 719 2468; x_wconf 80' lang='lat'><strong>42.</strong></span> <span class='ocrx_word' id='word_1_212' title='bbox 737 2418 896 2472; x_wconf 76' lang='lat' dir='ltr'><strong>hardmoto</strong></span> <span class='ocrx_word' id='word_1_213' title='bbox 910 2428 948 2472; x_wconf 86' lang='lat' dir='ltr'><strong>est</strong></span> <span class='ocrx_word' id='word_1_214' title='bbox 962 2422 1060 2475; x_wconf 80' lang='lat' dir='ltr'><strong>mulier.</strong></span> <span class='ocrx_word' id='word_1_215' title='bbox 1078 2421 1098 2476; x_wconf 87' lang='lat' dir='ltr'><strong>i.</strong></span> <span class='ocrx_word' id='word_1_216' title='bbox 1114 2440 1139 2476; x_wconf 85' lang='lat' dir='ltr'><strong>e.</strong></span> <span class='ocrx_word' id='word_1_217' title='bbox 1156 2425 1213 2476; x_wconf 73' lang='lat' dir='ltr'><strong>eben</strong></span> 
     </span>
     <span class='ocr_line' id='line_1_26' title="bbox 243 2499 1212 2569; baseline -0.007 -8"><span class='ocrx_word' id='word_1_218' title='bbox 243 2510 322 2561; x_wconf 77' lang='lat' dir='ltr'><strong>nieht.</strong></span> <span class='ocrx_word' id='word_1_219' title='bbox 353 2503 452 2557; x_wconf 84' lang='lat' dir='ltr'><strong>Pseud.</strong></span> <span class='ocrx_word' id='word_1_220' title='bbox 469 2503 494 2569; x_wconf 90' lang='lat'><strong>1,</strong></span> <span class='ocrx_word' id='word_1_221' title='bbox 508 2501 535 2563; x_wconf 78' lang='lat'><strong>2,</strong></span> <span class='ocrx_word' id='word_1_222' title='bbox 552 2499 576 2552; x_wconf 74' lang='grc'><strong>9.</strong></span> <span class='ocrx_word' id='word_1_223' title='bbox 603 2500 715 2554; x_wconf 86' lang='lat' dir='ltr'><strong>Terent.</strong></span> <span class='ocrx_word' id='word_1_224' title='bbox 736 2502 826 2554; x_wconf 85' lang='lat' dir='ltr'><strong>Hean.</strong></span> <span class='ocrx_word' id='word_1_225' title='bbox 842 2503 868 2567; x_wconf 85' lang='lat'><strong>2,</strong></span> <span class='ocrx_word' id='word_1_226' title='bbox 882 2501 908 2569; x_wconf 85' lang='lat'><strong>4,</strong></span> <span class='ocrx_word' id='word_1_227' title='bbox 924 2502 949 2556; x_wconf 78' lang='lat' dir='ltr'><strong>t.</strong></span> <span class='ocrx_word' id='word_1_228' title='bbox 972 2513 995 2558; x_wconf 86' lang='lat' dir='ltr'><strong>et</strong></span> <span class='ocrx_word' id='word_1_229' title='bbox 1008 2524 1052 2559; x_wconf 78' lang='lat' dir='ltr'><strong>vae</strong></span> <span class='ocrx_word' id='word_1_230' title='bbox 1068 2523 1121 2559; x_wconf 75' lang='lat' dir='ltr'><strong>esee</strong></span> <span class='ocrx_word' id='word_1_231' title='bbox 1133 2508 1212 2560; x_wconf 73' lang='lat' dir='ltr'><strong>istius-</strong></span> 
     </span>
     <span class='ocr_line' id='line_1_27' title="bbox 242 2586 1209 2655; baseline -0.003 -9"><span class='ocrx_word' id='word_1_232' title='bbox 242 2593 312 2646; x_wconf 83' lang='lat' dir='ltr'><strong>modi</strong></span> <span class='ocrx_word' id='word_1_233' title='bbox 333 2596 358 2642; x_wconf 83' lang='lat' dir='ltr'><strong>et</strong></span> <span class='ocrx_word' id='word_1_234' title='bbox 375 2607 418 2640; x_wconf 86' lang='lat' dir='ltr'><strong>nos</strong></span> <span class='ocrx_word' id='word_1_235' title='bbox 440 2604 495 2640; x_wconf 82' lang='lat' dir='ltr'><strong>esse</strong></span> <span class='ocrx_word' id='word_1_236' title='bbox 514 2587 584 2638; x_wconf 81' lang='lat' dir='ltr'><strong>troad</strong></span> <span class='ocrx_word' id='word_1_237' title='bbox 601 2586 716 2638; x_wconf 75' lang='lat' dir='ltr'><strong>mirabile</strong></span> <span class='ocrx_word' id='word_1_238' title='bbox 730 2593 776 2639; x_wconf 85' lang='lat' dir='ltr'><strong>est.</strong></span> <span class='ocrx_word' id='word_1_239' title='bbox 807 2586 898 2639; x_wconf 82' lang='lat' dir='ltr'><strong>Plent.</strong></span> <span class='ocrx_word' id='word_1_240' title='bbox 916 2589 994 2655; x_wconf 80' lang='lat' dir='ltr'><strong>capt.</strong></span> <span class='ocrx_word' id='word_1_241' title='bbox 1009 2589 1036 2653; x_wconf 79' lang='grc'><strong>2,</strong></span> <span class='ocrx_word' id='word_1_242' title='bbox 1051 2590 1077 2654; x_wconf 81' lang='grc'><strong>2,</strong></span> <span class='ocrx_word' id='word_1_243' title='bbox 1092 2589 1152 2645; x_wconf 59' lang='lat'><strong>1⁰4</strong></span> <span class='ocrx_word' id='word_1_244' title='bbox 1169 2593 1209 2645; x_wconf 76' lang='lat' dir='ltr'><strong>loa</strong></span> 
     </span>
    </p>

    <p class='ocr_par' dir='ltr' id='par_1_7' title="bbox 214 2671 1099 2744">
     <span class='ocr_line' id='line_1_28' title="bbox 214 2671 1099 2744; baseline 0.003 -17"><span class='ocrx_word' id='word_1_245' title='bbox 214 2730 215 2733; x_wconf 59' lang='grc'><em>,</em></span> <span class='ocrx_word' id='word_1_246' title='bbox 242 2676 343 2744; x_wconf 74' lang='lat' dir='ltr'><strong>quidem</strong></span> <span class='ocrx_word' id='word_1_247' title='bbox 358 2674 429 2724; x_wconf 72' lang='lat' dir='ltr'><strong>leand</strong></span> <span class='ocrx_word' id='word_1_248' title='bbox 443 2673 573 2723; x_wconf 84' lang='lat' dir='ltr'><strong>molestam</strong></span> <span class='ocrx_word' id='word_1_249' title='bbox 588 2677 624 2736; x_wconf 82' lang='lat' dir='ltr'><strong>est</strong></span> <span class='ocrx_word' id='word_1_250' title='bbox 639 2671 707 2733; x_wconf 85' lang='lat' dir='ltr'><strong>inm,</strong></span> <span class='ocrx_word' id='word_1_251' title='bbox 727 2671 793 2735; x_wconf 79' lang='lat' dir='ltr'><strong>quod</strong></span> <span class='ocrx_word' id='word_1_252' title='bbox 810 2672 887 2723; x_wconf 82' lang='lat' dir='ltr'><strong>sotius</strong></span> <span class='ocrx_word' id='word_1_253' title='bbox 902 2674 1005 2725; x_wconf 85' lang='lat' dir='ltr'><strong>eollnrio</strong></span> <span class='ocrx_word' id='word_1_254' title='bbox 1021 2683 1099 2730; x_wconf 77' lang='lat' dir='ltr'><strong>earet</strong></span> 
     </span>
    </p>
   </div>
   <div class='ocr_carea' id='block_1_7' title="bbox 240 2766 1181 2926">
    <p class='ocr_par' dir='ltr' id='par_1_8' title="bbox 240 2766 1181 2926">
     <span class='ocr_line' id='line_1_29' title="bbox 277 2766 1181 2845; baseline 0.003 -17"><span class='ocrx_word' id='word_1_255' title='bbox 277 2776 367 2828; x_wconf 85' lang='lat' dir='ltr'><strong>Pinnt.</strong></span> <span class='ocrx_word' id='word_1_256' title='bbox 383 2772 482 2825; x_wconf 84' lang='lat' dir='ltr'><strong>Pseud.</strong></span> <span class='ocrx_word' id='word_1_257' title='bbox 496 2768 522 2832; x_wconf 78' lang='lat'><strong>5,</strong></span> <span class='ocrx_word' id='word_1_258' title='bbox 536 2769 562 2833; x_wconf 77' lang='lat'><strong>2,</strong></span> <span class='ocrx_word' id='word_1_259' title='bbox 577 2769 619 2822; x_wconf 85' lang='grc'><strong>11.</strong></span> <span class='ocrx_word' id='word_1_260' title='bbox 636 2771 708 2821; x_wconf 76' lang='lat' dir='ltr'><strong>nand</strong></span> <span class='ocrx_word' id='word_1_261' title='bbox 719 2772 900 2832; x_wconf 79' lang='lat' dir='ltr'><strong>anutenrones.¹</strong></span> <span class='ocrx_word' id='word_1_262' title='bbox 919 2772 946 2841; x_wconf 82' lang='lat'><strong>4,</strong></span> <span class='ocrx_word' id='word_1_263' title='bbox 961 2766 1046 2841; x_wconf 42' lang='lat'><strong>6‚‘16.</strong></span> <span class='ocrx_word' id='word_1_264' title='bbox 1069 2777 1181 2845; x_wconf 55' lang='lat' dir='ltr'><strong>Mena</strong></span> 
     </span>
     <span class='ocr_line' id='line_1_30' title="bbox 240 2854 1165 2926; baseline -0.017 -13"><span class='ocrx_word' id='word_1_265' title='bbox 240 2859 282 2913; x_wconf 81' lang='lat' dir='ltr'><strong>to.</strong></span> <span class='ocrx_word' id='word_1_266' title='bbox 302 2859 374 2912; x_wconf 76' lang='lat' dir='ltr'><strong>leand</strong></span> <span class='ocrx_word' id='word_1_267' title='bbox 383 2858 474 2926; x_wconf 81' lang='lat' dir='ltr'><strong>salso,</strong></span> <span class='ocrx_word' id='word_1_268' title='bbox 488 2856 596 2918; x_wconf 85' lang='lat' dir='ltr'><strong>mulier,</strong></span> <span class='ocrx_word' id='word_1_269' title='bbox 611 2854 755 2923; x_wconf 76' lang='lat' dir='ltr'><strong>prandiam.</strong></span> <span class='ocrx_word' id='word_1_270' title='bbox 1161 2880 1165 2888; x_wconf 89' lang='lat'>-</span> 
     </span>
    </p>
   </div>
   <div class='ocr_carea' id='block_1_8' title="bbox 86 2976 1218 3914">
    <p class='ocr_par' dir='ltr' id='par_1_9' title="bbox 86 2976 1218 3914">
     <span class='ocr_line' id='line_1_31' title="bbox 152 2976 1210 3067; baseline -0.006 -18"><span class='ocrx_word' id='word_1_271' title='bbox 152 3044 155 3049; x_wconf 91' lang='lat'><em>.</em></span> <span class='ocrx_word' id='word_1_272' title='bbox 253 2984 307 3047; x_wconf 79' lang='lat'><strong>25.</strong></span> <span class='ocrx_word' id='word_1_273' title='bbox 329 2982 372 3044; x_wconf 87' lang='lat' dir='ltr'><strong>Vt</strong></span> <span class='ocrx_word' id='word_1_274' title='bbox 387 2999 487 3064; x_wconf 85' lang='lat' dir='ltr'><strong>supra</strong></span> <span class='ocrx_word' id='word_1_275' title='bbox 502 2976 814 3057; x_wconf 87' lang='lat' dir='ltr'><strong>demonstravimus,</strong></span> <span class='ocrx_word' id='word_1_276' title='bbox 836 3000 896 3063; x_wconf 92' lang='lat' dir='ltr'><strong>per</strong></span> <span class='ocrx_word' id='word_1_277' title='bbox 911 2985 1106 3067; x_wconf 84' lang='lat' dir='ltr'><strong>particulam</strong></span> <span class='ocrx_word' id='word_1_278' title='bbox 1120 2982 1210 3051; x_wconf 74' lang='lat' dir='ltr'><strong>hand</strong></span> 
     </span>
     <span class='ocr_line' id='line_1_32' title="bbox 172 3062 1210 3151; baseline 0.003 -18"><span class='ocrx_word' id='word_1_279' title='bbox 172 3067 378 3134; x_wconf 85' lang='lat' dir='ltr'><strong>affirmamus</strong></span> <span class='ocrx_word' id='word_1_280' title='bbox 390 3062 533 3149; x_wconf 78' lang='lat' dir='ltr'><strong>aliquam</strong></span> <span class='ocrx_word' id='word_1_281' title='bbox 552 3085 622 3127; x_wconf 91' lang='lat' dir='ltr'><strong>rem</strong></span> <span class='ocrx_word' id='word_1_282' title='bbox 638 3084 679 3127; x_wconf 84' lang='lat' dir='ltr'><strong>ex</strong></span> <span class='ocrx_word' id='word_1_283' title='bbox 694 3064 853 3126; x_wconf 86' lang='lat' dir='ltr'><strong>sententia</strong></span> <span class='ocrx_word' id='word_1_284' title='bbox 868 3063 1032 3151; x_wconf 89' lang='lat' dir='ltr'><strong>loquentis</strong></span> <span class='ocrx_word' id='word_1_285' title='bbox 1049 3089 1119 3135; x_wconf 68' lang='lat' dir='ltr'><strong>non</strong></span> <span class='ocrx_word' id='word_1_286' title='bbox 1136 3093 1210 3149; x_wconf 86' lang='lat' dir='ltr'><strong>esse,</strong></span> 
     </span>
     <span class='ocr_line' id='line_1_33' title="bbox 137 3149 1211 3243; baseline 0.01 -31"><span class='ocrx_word' id='word_1_287' title='bbox 137 3208 139 3212; x_wconf 86' lang='grc'><em>,</em></span> <span class='ocrx_word' id='word_1_288' title='bbox 170 3165 269 3239; x_wconf 88' lang='lat' dir='ltr'><strong>atque</strong></span> <span class='ocrx_word' id='word_1_289' title='bbox 283 3171 439 3237; x_wconf 88' lang='lat' dir='ltr'><strong>negamus</strong></span> <span class='ocrx_word' id='word_1_290' title='bbox 451 3172 496 3226; x_wconf 89' lang='lat' dir='ltr'><strong>ea,</strong></span> <span class='ocrx_word' id='word_1_291' title='bbox 510 3169 593 3232; x_wconf 89' lang='lat' dir='ltr'><strong>quae</strong></span> <span class='ocrx_word' id='word_1_292' title='bbox 608 3157 663 3212; x_wconf 89' lang='lat' dir='ltr'><strong>aut</strong></span> <span class='ocrx_word' id='word_1_293' title='bbox 681 3149 720 3211; x_wconf 91' lang='lat' dir='ltr'><strong>ad</strong></span> <span class='ocrx_word' id='word_1_294' title='bbox 734 3149 937 3215; x_wconf 90' lang='lat' dir='ltr'><strong>voluntatem</strong></span> <span class='ocrx_word' id='word_1_295' title='bbox 947 3165 1002 3218; x_wconf 90' lang='lat' dir='ltr'><strong>aut</strong></span> <span class='ocrx_word' id='word_1_296' title='bbox 1016 3155 1057 3218; x_wconf 91' lang='lat' dir='ltr'><strong>ad</strong></span> <span class='ocrx_word' id='word_1_297' title='bbox 1078 3159 1211 3243; x_wconf 85' lang='lat' dir='ltr'><strong>opinio·</strong></span> 
     </span>
     <span class='ocr_line' id='line_1_34' title="bbox 120 3233 1214 3325; baseline 0.008 -27"><span class='ocrx_word' id='word_1_298' title='bbox 120 3294 123 3298; x_wconf 81' lang='grc'><em>,</em></span> <span class='ocrx_word' id='word_1_299' title='bbox 169 3261 248 3303; x_wconf 90' lang='lat' dir='ltr'><strong>nem</strong></span> <span class='ocrx_word' id='word_1_300' title='bbox 265 3237 441 3324; x_wconf 78' lang='lat' dir='ltr'><strong>pertinent.</strong></span> <span class='ocrx_word' id='word_1_301' title='bbox 467 3233 580 3299; x_wconf 35' lang='lat' dir='ltr'><strong>,Vnde</strong></span> <span class='ocrx_word' id='word_1_302' title='bbox 602 3233 814 3315; x_wconf 85' lang='lat' dir='ltr'><strong>factumest,</strong></span> <span class='ocrx_word' id='word_1_303' title='bbox 840 3246 960 3301; x_wconf 90' lang='lat' dir='ltr'><strong>utnon</strong></span> <span class='ocrx_word' id='word_1_304' title='bbox 983 3242 1080 3325; x_wconf 89' lang='lat' dir='ltr'><strong>pauci</strong></span> <span class='ocrx_word' id='word_1_305' title='bbox 1103 3243 1214 3307; x_wconf 68' lang='lat' dir='ltr'><strong>existi</strong></span> 
     </span>
     <span class='ocr_line' id='line_1_35' title="bbox 169 3318 1215 3406; baseline 0.007 -20"><span class='ocrx_word' id='word_1_306' title='bbox 169 3332 315 3400; x_wconf 79' lang='lat' dir='ltr'><strong>merent,</strong></span> <span class='ocrx_word' id='word_1_307' title='bbox 336 3318 432 3385; x_wconf 77' lang='lat' dir='ltr'><strong>hored</strong></span> <span class='ocrx_word' id='word_1_308' title='bbox 446 3319 746 3402; x_wconf 22' lang='lat' dir='ltr'><strong>exprimere-animi</strong></span> <span class='ocrx_word' id='word_1_309' title='bbox 761 3321 977 3406; x_wconf 87' lang='lat' dir='ltr'><strong>suspicionem</strong></span> <span class='ocrx_word' id='word_1_310' title='bbox 995 3335 1051 3390; x_wconf 88' lang='lat' dir='ltr'><strong>aut</strong></span> <span class='ocrx_word' id='word_1_311' title='bbox 1078 3340 1215 3401; x_wconf 75' lang='lat' dir='ltr'><strong>senten·</strong></span> 
     </span>
     <span class='ocr_line' id='line_1_36' title="bbox 147 3403 1215 3500; baseline -0.007 -29"><span class='ocrx_word' id='word_1_312' title='bbox 147 3424 150 3431; x_wconf 87' lang='grc'><strong><em>·</em></strong></span> <span class='ocrx_word' id='word_1_313' title='bbox 170 3409 250 3471; x_wconf 89' lang='lat' dir='ltr'><strong>tiam</strong></span> <span class='ocrx_word' id='word_1_314' title='bbox 265 3428 340 3470; x_wconf 90' lang='lat' dir='ltr'><strong>oum</strong></span> <span class='ocrx_word' id='word_1_315' title='bbox 356 3403 557 3468; x_wconf 84' lang='lat' dir='ltr'><strong>dubitatione</strong></span> <span class='ocrx_word' id='word_1_316' title='bbox 581 3405 801 3467; x_wconf 86' lang='lat' dir='ltr'><strong>coniunctam.</strong></span> <span class='ocrx_word' id='word_1_317' title='bbox 844 3408 885 3468; x_wconf 82' lang='lat' dir='ltr'><strong>At</strong></span> <span class='ocrx_word' id='word_1_318' title='bbox 901 3429 954 3483; x_wconf 85' lang='lat' dir='ltr'><strong>ea,</strong></span> <span class='ocrx_word' id='word_1_319' title='bbox 974 3431 1056 3495; x_wconf 87' lang='lat' dir='ltr'><strong>quae</strong></span> <span class='ocrx_word' id='word_1_320' title='bbox 1077 3411 1112 3474; x_wconf 89' lang='lat' dir='ltr'><strong>in</strong></span> <span class='ocrx_word' id='word_1_321' title='bbox 1130 3437 1215 3500; x_wconf 62' lang='lat' dir='ltr'><strong>par.</strong></span> 
     </span>
     <span class='ocr_line' id='line_1_37' title="bbox 168 3489 1217 3578; baseline 0.009 -24"><span class='ocrx_word' id='word_1_322' title='bbox 168 3493 265 3556; x_wconf 86' lang='lat' dir='ltr'><strong>tioula</strong></span> <span class='ocrx_word' id='word_1_323' title='bbox 288 3491 424 3578; x_wconf 85' lang='lat' dir='ltr'><strong>proprie</strong></span> <span class='ocrx_word' id='word_1_324' title='bbox 446 3489 549 3568; x_wconf 88' lang='lat' dir='ltr'><strong>inest,</strong></span> <span class='ocrx_word' id='word_1_325' title='bbox 571 3489 699 3573; x_wconf 87' lang='lat' dir='ltr'><strong>gravior</strong></span> <span class='ocrx_word' id='word_1_326' title='bbox 722 3490 769 3551; x_wconf 88' lang='lat' dir='ltr'><strong>vis</strong></span> <span class='ocrx_word' id='word_1_327' title='bbox 791 3492 972 3574; x_wconf 75' lang='lat' dir='ltr'><strong>negationis</strong></span> <span class='ocrx_word' id='word_1_328' title='bbox 996 3495 1081 3560; x_wconf 88' lang='lat' dir='ltr'><strong>valet</strong></span> <span class='ocrx_word' id='word_1_329' title='bbox 1111 3501 1217 3564; x_wconf 84' lang='lat' dir='ltr'><strong>etiam</strong></span> 
     </span>
     <span class='ocr_line' id='line_1_38' title="bbox 133 3573 1217 3669; baseline 0.006 -28"><span class='ocrx_word' id='word_1_330' title='bbox 133 3624 136 3635; x_wconf 67' lang='lat'><strong>,</strong></span> <span class='ocrx_word' id='word_1_331' title='bbox 166 3578 201 3641; x_wconf 91' lang='lat' dir='ltr'><strong>in</strong></span> <span class='ocrx_word' id='word_1_332' title='bbox 225 3577 262 3640; x_wconf 90' lang='lat' dir='ltr'><strong>iis</strong></span> <span class='ocrx_word' id='word_1_333' title='bbox 293 3578 477 3649; x_wconf 82' lang='lat' dir='ltr'><strong>sententiis,</strong></span> <span class='ocrx_word' id='word_1_334' title='bbox 510 3574 627 3659; x_wconf 92' lang='lat' dir='ltr'><strong>quibus</strong></span> <span class='ocrx_word' id='word_1_335' title='bbox 649 3573 806 3637; x_wconf 89' lang='lat' dir='ltr'><strong>iudicium</strong></span> <span class='ocrx_word' id='word_1_336' title='bbox 836 3577 875 3638; x_wconf 89' lang='lat' dir='ltr'><strong>de</strong></span> <span class='ocrx_word' id='word_1_337' title='bbox 899 3576 995 3643; x_wconf 87' lang='lat' dir='ltr'><strong>rebus</strong></span> <span class='ocrx_word' id='word_1_338' title='bbox 1020 3580 1101 3665; x_wconf 85' lang='lat' dir='ltr'><strong>ipsis</strong></span> <span class='ocrx_word' id='word_1_339' title='bbox 1127 3607 1217 3669; x_wconf 64' lang='lat' dir='ltr'><strong>praa</strong></span> 
     </span>
     <span class='ocr_line' id='line_1_39' title="bbox 165 3658 1218 3753; baseline 0.009 -29"><span class='ocrx_word' id='word_1_340' title='bbox 165 3660 337 3726; x_wconf 87' lang='lat' dir='ltr'><strong>ferendum</strong></span> <span class='ocrx_word' id='word_1_341' title='bbox 366 3660 555 3725; x_wconf 89' lang='lat' dir='ltr'><strong>cohibemus</strong></span> <span class='ocrx_word' id='word_1_342' title='bbox 584 3669 615 3722; x_wconf 92' lang='lat' dir='ltr'><strong>et</strong></span> <span class='ocrx_word' id='word_1_343' title='bbox 645 3658 685 3722; x_wconf 89' lang='lat' dir='ltr'><strong>ad</strong></span> <span class='ocrx_word' id='word_1_344' title='bbox 716 3669 839 3723; x_wconf 90' lang='lat' dir='ltr'><strong>certam</strong></span> <span class='ocrx_word' id='word_1_345' title='bbox 881 3663 983 3729; x_wconf 90' lang='lat' dir='ltr'><strong>animi</strong></span> <span class='ocrx_word' id='word_1_346' title='bbox 1018 3673 1218 3753; x_wconf 75' lang='lat' dir='ltr'><strong>persuasio-</strong></span> 
     </span>
     <span class='ocr_line' id='line_1_40' title="bbox 161 3745 1213 3838; baseline 0.004 -28"><span class='ocrx_word' id='word_1_347' title='bbox 161 3768 244 3811; x_wconf 88' lang='lat' dir='ltr'><strong>nem</strong></span> <span class='ocrx_word' id='word_1_348' title='bbox 259 3747 443 3820; x_wconf 79' lang='lat' dir='ltr'><strong>referimus.</strong></span> <span class='ocrx_word' id='word_1_349' title='bbox 486 3745 545 3808; x_wconf 90' lang='lat' dir='ltr'><strong>Est</strong></span> <span class='ocrx_word' id='word_1_350' title='bbox 565 3745 652 3807; x_wconf 89' lang='lat' dir='ltr'><strong>enirn</strong></span> <span class='ocrx_word' id='word_1_351' title='bbox 668 3754 755 3809; x_wconf 89' lang='lat' dir='ltr'><strong>certa</strong></span> <span class='ocrx_word' id='word_1_352' title='bbox 781 3747 957 3828; x_wconf 86' lang='lat' dir='ltr'><strong>sententia,</strong></span> <span class='ocrx_word' id='word_1_353' title='bbox 983 3760 1015 3814; x_wconf 89' lang='lat' dir='ltr'><strong>et</strong></span> <span class='ocrx_word' id='word_1_354' title='bbox 1035 3747 1213 3838; x_wconf 83' lang='lat' dir='ltr'><strong>quomodo</strong></span> 
     </span>
     <span class='ocr_line' id='line_1_41' title="bbox 86 3828 977 3914; baseline 0.002 -18"><span class='ocrx_word' id='word_1_355' title='bbox 86 3847 92 3853; x_wconf 80' lang='grc'><em>’</em></span> <span class='ocrx_word' id='word_1_356' title='bbox 165 3853 219 3896; x_wconf 91' lang='lat' dir='ltr'><strong>res</strong></span> <span class='ocrx_word' id='word_1_357' title='bbox 234 3855 304 3898; x_wconf 90' lang='lat' dir='ltr'><strong>esse</strong></span> <span class='ocrx_word' id='word_1_358' title='bbox 320 3833 483 3909; x_wconf 87' lang='lat' dir='ltr'><strong>videatur,</strong></span> <span class='ocrx_word' id='word_1_359' title='bbox 506 3828 723 3894; x_wconf 85' lang='lat' dir='ltr'><strong>confirmatur</strong></span> <span class='ocrx_word' id='word_1_360' title='bbox 746 3828 787 3914; x_wconf 84' lang='lat' dir='ltr'><strong>de</strong></span> <span class='ocrx_word' id='word_1_361' title='bbox 807 3836 977 3898; x_wconf 88' lang='lat' dir='ltr'><strong>sententia.</strong></span> 
     </span>
    </p>
   </div>
   <div class='ocr_carea' id='block_1_9' title="bbox 226 3945 1208 4110">
    <p class='ocr_par' dir='ltr' id='par_1_10' title="bbox 226 3945 1208 4110">
     <span class='ocr_line' id='line_1_42' title="bbox 261 3945 1208 4024; baseline 0.007 -17"><span class='ocrx_word' id='word_1_362' title='bbox 261 3951 318 4007; x_wconf 84' lang='lat' dir='ltr'><strong>Nos</strong></span> <span class='ocrx_word' id='word_1_363' title='bbox 334 3949 560 4019; x_wconf 71' lang='lat' dir='ltr'><strong>Germaniarum</strong></span> <span class='ocrx_word' id='word_1_364' title='bbox 574 3947 690 4002; x_wconf 87' lang='lat' dir='ltr'><strong>dicimus</strong></span> <span class='ocrx_word' id='word_1_365' title='bbox 704 3966 758 4018; x_wconf 78' lang='lat' dir='ltr'><strong>gor</strong></span> <span class='ocrx_word' id='word_1_366' title='bbox 772 3950 857 4017; x_wconf 80' lang='lat' dir='ltr'><strong>nicht,</strong></span> <span class='ocrx_word' id='word_1_367' title='bbox 876 3945 1057 4024; x_wconf 79' lang='lat' dir='ltr'><strong>intelligimus</strong></span> <span class='ocrx_word' id='word_1_368' title='bbox 1075 3965 1103 4009; x_wconf 85' lang='lat' dir='ltr'><strong>ot</strong></span> <span class='ocrx_word' id='word_1_369' title='bbox 1117 3976 1208 4014; x_wconf 84' lang='lat' dir='ltr'><strong>aeram</strong></span> 
     </span>
     <span class='ocr_line' id='line_1_43' title="bbox 226 4033 1206 4110; baseline 0.006 -17"><span class='ocrx_word' id='word_1_370' title='bbox 226 4036 327 4101; x_wconf 74' lang='lat' dir='ltr'><strong>dinam,</strong></span> <span class='ocrx_word' id='word_1_371' title='bbox 343 4053 413 4092; x_wconf 80' lang='lat' dir='ltr'><strong>nans</strong></span> <span class='ocrx_word' id='word_1_372' title='bbox 431 4052 483 4106; x_wconf 86' lang='lat' dir='ltr'><strong>quo</strong></span> <span class='ocrx_word' id='word_1_373' title='bbox 498 4033 698 4105; x_wconf 76' lang='lat' dir='ltr'><strong>praesumitur,</strong></span> <span class='ocrx_word' id='word_1_374' title='bbox 716 4033 914 4091; x_wconf 77' lang='lat' dir='ltr'><strong>dubitationem</strong></span> <span class='ocrx_word' id='word_1_375' title='bbox 928 4055 987 4097; x_wconf 80' lang='lat' dir='ltr'><strong>osse</strong></span> <span class='ocrx_word' id='word_1_376' title='bbox 1002 4041 1206 4110; x_wconf 82' lang='lat' dir='ltr'><strong>repellendam.</strong></span> 
     </span>
    </p>
   </div>
   <div class='ocr_carea' id='block_1_10' title="bbox 0 0 1320 4770">
    <p class='ocr_par' dir='ltr' id='par_1_11' title="bbox 0 0 1320 4770">
     <span class='ocr_line' id='line_1_44' title="bbox 0 0 1320 4770; baseline 0 0"><span class='ocrx_word' id='word_1_377' title='bbox 0 0 1320 4770; x_wconf 95' lang='lat' dir='ltr'><strong> </strong></span> 
     </span>
    </p>
   </div>
  </div>
 </body>
</html>
