2632 4770
574 239 838 314 ue·
1072 255 1229 335 aa„

73 429 168 475 mere
188 403 357 470 solebantr
379 409 414 466 at
427 398 507 466 inde
525 423 544 466 a
561 398 647 465 Livii
663 408 731 464 iem
760 421 821 466 ore
835 403 1008 470 concisum
1030 406 1141 473 dicea-

75 498 110 560 di
128 514 229 581 genus
245 491 279 555 iu
298 510 396 553 usum
411 488 520 562 uenit,
543 507 564 550 u
595 507 653 552 sen
670 508 710 550 en
726 508 776 551 iae
796 484 912 554 finales
933 513 1002 556 uno
1028 495 1142 562 nomi·
1161 550 1163 555 ,
1271 573 1272 576 ¹

75 603 119 646 ne
136 591 169 647 et
191 574 341 666 praefixa*
353 573 597 724 praepositione
614 571 991 660 comprehenderentur.
1028 581 1140 660 Quare
1230 639 1232 645 .

75 668 161 731 bene
183 663 316 728 monuit
340 659 438 724 Walo
465 661 515 724 ius
532 659 579 724 ad
604 659 714 724 Taciti
736 661 814 745 Agr.
837 663 870 726 8.
901 663 1140 730 mulinheim

76 752 204 842 generis
225 746 379 834 exempla
394 746 429 810 in
446 769 481 810 se
496 740 619 811 habere
637 743 716 808 duas
738 745 982 812 enuntiationes
1007 762 1141 816 coutra-

77 850 156 903 ctas.
200 835 347 901 Brevitas
374 853 474 912 vero,
498 853 598 917 quam
624 853 772 895 caussam
795 832 850 896 ilie
871 844 986 918 putat,
1009 839 1142 903 exorie-
1247 880 1249 885 .
1283 826 1285 834 ¹

77 927 176 990 batur
192 944 232 988 ex
248 920 352 986 modo
369 919 524 1001 notiones
540 915 711 982 formandi
728 916 923 1001 abstractas,
945 919 1140 1009 abantiquo
1241 929 1244 935 '

76 1023 233 1098 tempore
246 1007 365 1072 alieno.
410 1003 607 1069 Posterioris
624 1003 695 1068 aevi
713 1003 892 1090 scriptores
909 1005 992 1072 adeo
1009 1009 1048 1077 ad
1063 1009 1142 1094 per-

73 1119 195 1162 sonam
211 1095 245 1160 id
263 1088 468 1165 referebant,
491 1088 548 1154 ubi
566 1088 727 1153 veteribus
744 1091 932 1155 necessario
948 1091 1138 1159 addendum

76 1194 147 1248 erat
176 1177 410 1268 participium,
440 1174 541 1241 veluti
566 1175 702 1240 Tacitus
728 1178 814 1247 Anu.
842 1182 881 1252 2,
908 1181 958 1243 18.
994 1181 1141 1268 repertis

75 1269 231 1348 catenis,
257 1286 343 1354 quae
360 1263 399 1328 in
413 1260 588 1328 Romanos
608 1272 647 1326 at
661 1284 732 1327 aon
758 1259 861 1326 dubio
877 1276 994 1330 eventu
1015 1277 1143 1354 porta-

75 1364 209 1422 verant.
548 1366 556 1373 “

92 1489 96 1495 ’
181 1474 240 1526 Cia.
263 1471 371 1526 editt.
388 1467 440 1536 15,
457 1469 485 1526 1.
512 1469 677 1522 Camiaeum
694 1468 767 1521 vidie
791 1442 899 1522 aduerat
918 1470 986 1522 enim
1004 1471 1142 1536 insanae.
1186 1542 1189 1547 ³
1251 1478 1257 1495 ⁸

144 1559 163 1613 i.
182 1577 206 1610 e.
224 1559 260 1610 rie
276 1558 338 1610 iram
355 1574 416 1608 num
432 1555 613 1625 Regrribnisr‚
631 1559 662 1606 ut
683 1553 775 1609 iuueni
794 1570 906 1622 operam
929 1554 1016 1608 daret.
1050 1556 1143 1608 Plant.

146 1644 209 1698 Aut.
223 1641 257 1705 2,
273 1640 306 1704 6,
323 1640 413 1705 &liar
430 1649 459 1694 nt
472 1640 588 1710 accipiar
606 1657 698 1707 caenae
714 1639 901 1708 tibicinamque
914 1639 1097 1707 abeuntemque
1111 1641 1142 1691 iri

144 1729 261 1794 nuptias.
296 1725 395 1794 Virgii.
411 1723 479 1778 rien.
501 1723 529 1790 2,
551 1721 595 1778 46.
620 1726 685 1776 daec
702 1725 731 1776 in
751 1723 853 1776 nostroe
865 1724 1005 1797 fabricata
1026 1730 1066 1776 eat
1084 1740 1144 1775 ma-

149 1812 230 1863 ehina
245 1828 342 1864 maror.
379 1809 460 1864 orio.
475 1811 544 1863 Her.
561 1806 612 1874 15,
634 1809 694 1862 197.
720 1826 773 1862 non
790 1809 856 1862 midi
876 1810 1029 1877 respondent
1048 1817 1145 1862 amera·

90 1965 110 1980 υ
150 1897 177 1947 in
199 1897 316 1948 coracina
337 1897 422 1948 vires.-
453 1897 551 1965 plectra
574 1897 664 1951 dotare
684 1901 779 1948 iacent.
829 1893 973 1946 claudian.
997 1893 1026 1946 in
1050 1893 1143 1946 Rufin.
1249 1903 1251 1907 ’

152 1980 178 2045 1,
196 1981 257 2035 311.
276 1982 321 2048 qni
337 1981 484 2050 cornipedes
498 1983 527 2033 in
543 1983 640 2050 pocula
654 1981 776 2033 vulnerat
792 1972 883 2032 dodae
891 1979 1064 2048 Massagetes.
1081 1978 1101 2031 i.
1118 1995 1144 2031 e.

148 2065 176 2117 in
192 2081 273 2116 usnm
287 2065 457 2132 poculorum.
482 2055 587 2128 1,’152.
604 2066 732 2135 septimae
744 2071 858 2117 vernant
875 2064 904 2114 in
922 2065 1041 2116 carmina
1054 2070 1158 2133 rupen
1257 2103 1261 2109 .

149 2149 169 2202 i.
194 2167 218 2202 e.
246 2149 274 2201 in
301 2167 381 2202 nsum
402 2149 553 2219 magicum.
586 2152 665 2204 Cous.
688 2151 767 2204 Mau.
788 2148 849 2205 alu.
874 2151 959 2218 Pria.
986 2145 1021 2214 4,
1042 2149 1078 2216 6,
1098 2145 1143 2204 55.

147 2235 288 2305 pharetrae
300 2236 403 2303 pondua
418 2238 545 2290 mnmmu
557 2237 587 2288 in
601 2252 687 2290 arcas.
908 2228 910 2232 Α
1154 2240 1159 2247 “

184 2336 246 2390 iriv.
261 2337 312 2401 21,
327 2336 378 2402 42,
393 2338 419 2392 2.
441 2308 470 2392 ie
491 2339 598 2408 quisquc
617 2355 676 2391 eum
698 2338 823 2406 optabat,
844 2355 920 2406 quem
930 2344 1046 2408 suriana
1067 2341 1098 2393 in
1114 2318 1144 2393 id

152 2431 285 2476 certamen
299 2424 406 2493 legeret.
440 2423 567 2491 Properi.
591 2423 624 2488 3,
638 2421 671 2486 3,
686 2421 729 2474 33.
747 2439 837 2474 novem
855 2451 888 2462 -
907 2426 1011 2492 paellae
1030 2433 1144 2479 exercent

151 2516 256 2562 tenerae
273 2509 303 2560 in
319 2525 368 2560 ana
384 2509 456 2560 dona
474 2525 575 2562 manns.
606 2506 706 2560 Vellei.
727 2507 790 2560 Pet.
810 2507 842 2569 2,
868 2505 919 2572 85,
941 2507 968 2560 1.
992 2500 1041 2578 'pro
1060 2513 1145 2564 sainte

149 2595 230 2657 alter,
249 2594 277 2644 in
291 2593 397 2645 ruinam
413 2595 483 2646 aiter
497 2601 627 2647 terrarum
641 2593 710 2645 orbis
723 2593 886 2645 dimicavere.
920 2593 1022 2647 Lucan.
1038 2594 1065 2657 3,
1080 2593 1142 2648 674.
1166 2627 1169 2631 ·

151 2680 179 2730 in
187 2695 310 2747 pugnam
319 2664 430 2747 fregere
443 2685 520 2730 rates.
556 2676 607 2729 ubi
625 2666 680 2729 vta.
695 2675 813 2730 (lortius.
842 2676 885 2728 Cf.
901 2677 1036 2732 Clondico
1051 2680 1080 2732 in
1097 2681 1144 2736 W.

151 2764 230 2817 cous.
253 2762 326 2826 Hori.
346 2758 411 2815 624.
437 2763 547 2818 Patron.
574 2762 665 2815 Corin.
689 2762 723 2814 de
747 2763 827 2815 Bello
849 2761 903 2814 civ.
926 2764 970 2816 21.
996 2773 1145 2834 exsectaque

149 2850 248 2901 vincera
256 2853 332 2915 ferra
351 2848 379 2899 r‘n
396 2864 516 2900 venerem
527 2847 687 2923 fregerei.
703 2864 728 2903 e.
746 2847 781 2902 ad
805 2849 987 2902 exercendam
1002 2867 1143 2907 venerem,
1175 2890 1178 2896 .

152 2932 294 3006 Claudium
317 2932 352 2986 de
369 2927 459 3000 Napi.
482 2934 555 2987 Hou.
572 2931 615 2986 65.
643 2934 731 2988 vivunt
744 2936 857 3002 frondea
878 2935 906 2987 in
926 2953 1053 2989 venerem.
1087 2937 1145 2990 Iru-

152 3035 212 3071 can.
229 3018 261 3082 1,
276 3015 337 3070 306.
365 3019 394 3070 in
410 3019 518 3072 clamem
540 3021 613 3072 cadit
628 3038 703 3073 omne
719 3038 819 3073 nemus.
851 3019 900 3071 nai
922 3017 1045 3073 Oudeud.
1066 3020 1144 3077 Miro.
1164 3073 1168 3080 ,

153 3103 270 3155 Observ.
297 3103 332 3156 T.
348 3100 382 3169 ,5.
403 3121 431 3172 p.
452 3101 512 3156 160.
542 3104 585 3157 Cf.
603 3122 629 3158 n.
642 3105 686 3157 21.
719 3104 818 3158 Vellei.
839 3104 872 3156 P.
892 3102 920 3168 2,
941 3101 992 3170 41,
1013 3103 1040 3159 2.
1065 3124 1146 3174 quarm

153 3187 192 3237 M.
210 3187 272 3239 Piso
288 3189 430 3241 consulario
447 3190 567 3243 Anniam
583 3217 618 3232 ·-
634 3191 662 3242 in
676 3191 768 3244 Saliae
784 3181 921 3242 dimiaiaset
935 3192 1065 3259 gratiam.
1080 3191 1101 3244 i.
1120 3208 1145 3244 e.

153 3273 185 3321 ut
207 3269 259 3322 eibi
281 3279 453 3339 compararet
473 3273 604 3344 gratiam.
646 3272 759 3329 Sunion.
783 3273 879 3328 Tiber.
902 3271 947 3329 49.
974 3273 1004 3327 in
1024 3278 1144 3346 gratiam

154 3355 267 3420 Quirini.
303 3355 392 3426 oaltg.
406 3356 459 3435 15..
476 3361 504 3410 ia
526 3360 675 3412 memoriam
689 3360 784 3429 patris.
820 3359 901 3414 ortt.
918 3358 979 3411 Am.
1001 3358 1034 3426 3,
1052 3358 1086 3425 8,
1100 3359 1145 3414 33.

152 3442 199 3492 aed
211 3447 348 3510 pacianum
364 3434 467 3512 rapiens
482 3445 510 3495 in
524 3447 634 3497 mnne'ra
647 3444 718 3497 venit
731 3445 845 3499 adulter.
878 3444 950 3498 Plin.
965 3445 1039 3498 Hirr.
1057 3444 1144 3520 arlo,

152 3524 186 3590 1,
210 3524 235 3577 1.
264 3526 352 3580 multis
369 3531 483 3594 fortuna
506 3530 592 3596 parcit
616 3529 646 3580 in
673 3545 810 3604 paenam..
836 3529 928 3584 Tacit.
952 3529 1021 3582 Anu.
1046 3531 1098 3596 11,
1118 3529 1145 3584 6.

153 3612 245 3678 quadri
267 3612 297 3663 in
313 3612 412 3665 nulline
429 3613 571 3665 mercedem
588 3615 695 3682 negotia
712 3621 788 3678 eant,
804 3615 930 3683 pauciore
946 3621 1015 3685 sare.
1049 3615 1160 3689 lustin.

153 3695 187 3760 2,
204 3696 255 3760 11,
272 3695 316 3750 16.
340 3704 372 3757 ni
393 3697 440 3767 qai
459 3699 543 3750 sciant
559 3715 584 3751 se
605 3715 729 3768 pugnare
749 3716 800 3751 non
820 3715 866 3767 ope
890 3701 1030 3763 uictoriae,
1054 3700 1145 3751 sedin

152 3781 244 3833 martia
259 3781 391 3835 altionem.
426 3781 487 3836 Vid.
504 3781 678 3853 Oudendorp.
693 3784 729 3836 nd
743 3782 846 3838 numu.
860 3785 887 3852 2,
903 3784 965 3839 151.
981 3791 1010 3840 et
1019 3784 1054 3837 nd
1069 3778 1145 3856 Apu-

153 3865 202 3920 lei.
219 3866 324 3921 utorio.
343 3885 371 3936 p.
386 3865 429 3920 16.
1095 3874 1096 3882 ’

170 4007 222 4068 26.
244 4004 355 4085 Quare
370 4005 558 4084 hocmodo
581 4005 781 4094 exprimitur
805 4007 904 4075 etiam
926 4029 1005 4075 usus
1028 4017 1060 4072 et
1081 4004 1159 4083 res,'

978 4082 1158 4104 emmane-vm.

89 4087 142 4166 cui
165 4087 356 4159 efficiendae
374 4090 502 4181 aliquid
522 4093 566 4183 rit
584 4093 805 4182 destinatum,
820 4077 984 4165 veluff‘de
1007 4112 1147 4183 pecunia
