2632 4770
578 269 703 337 na„
902 228 940 278 ⁵
998 346 1002 353 ,
1073 283 1138 347 ror

167 426 263 480 Huius
276 424 387 496 generis
405 422 533 492 exempla
557 384 675 478 inostro¹
688 395 807 492 quaeres
829 427 858 484 in
884 428 1027 485 Ciceronis
1049 431 1138 491 libris.

133 512 187 565 Ille
212 528 280 564 vero
302 509 370 564 dixit
392 512 422 563 in
441 528 572 580 monna,
599 511 672 579 quod
689 509 773 563 aliter
791 512 838 564 aad
860 529 968 580 persam
986 516 1139 573 dicebatur.
1244 515 1250 522 ’

137 614 165 664 p.
182 598 264 649 Rosa.
281 596 358 648 Gom.
374 593 402 660 7,
415 594 459 648 20.
477 597 523 664 pai
540 613 620 664 qnam
639 597 675 655 nd
692 613 746 648 rem
768 596 892 649 Roscium
912 601 1023 654 similem
1041 605 1084 656 rai
1105 607 1136 659 in

134 684 239 747 fraude
255 689 281 734 ot
294 682 400 734 malitia
419 681 573 734 existimarit
581 709 594 744 ‚·
608 681 676 732 niln'l
689 682 813 744 vianae,
830 681 963 749 niciforte
978 689 1045 753 quod
1056 704 1136 756 proe-
1191 698 1196 707 ‘

133 767 203 825 clare
227 766 296 816 dunc
313 766 455 831 imitarier
476 767 507 818 io
527 782 639 833 pmooo
662 766 764 817 lenonis
781 767 973 820 animaduertit.
1009 770 1135 828 atram.

132 850 158 916 1,
173 849 217 914 88,
232 848 258 900 6.
276 851 341 902 milri
356 852 426 904 enim
450 850 597 903 iudicatam
622 858 660 903 est
677 859 712 891 '-
730 852 858 918 deponere
878 851 952 903 illam
976 855 1032 906 inm
1044 874 1134 924 perra-

131 955 205 1001 num,
226 937 256 987 in
272 952 323 1003 pira
338 953 378 988 me
392 952 469 1002 saepe
485 935 527 986 illi
538 935 590 1003 ipsi
604 934 723 1002 probaui.
757 935 835 988 Leel.
851 933 895 1000 25,
911 933 954 988 86.
971 939 999 990 in
1013 937 1134 994 Gnatho-

121 1016 174 1074 nis
191 1036 314 1089 persono.
335 1019 384 1071 uhi
400 1016 456 1070 vid.
473 1017 624 1071 Illotnioo.x
635 1019 766 1071 Fortasse
780 1018 865 1072 etiam
880 1022 1053 1078 restituenda
1067 1030 1130 1080 sunt

130 1107 160 1159 in
176 1107 249 1158 hunc
263 1105 375 1156 modum
389 1105 477 1169 rerba
504 1120 530 1170 p.
545 1103 621 1156 Cael.
638 1101 682 1169 13,
697 1103 740 1156 80.
756 1112 816 1158 rant
830 1113 917 1158 autem
940 1109 992 1160 dno
1016 1111 1131 1170 crimino
1168 1136 1170 1141 ·

133 1193 195 1245 ouri
218 1198 241 1243 et
263 1191 371 1241 ueneni:
405 1190 433 1241 in
456 1190 549 1257 poitur
574 1207 631 1241 ano
661 1196 738 1257 otpae
761 1189 851 1240 eodem
874 1207 985 1257 persono
1008 1202 1130 1265 urgetur.
1205 1258 1210 1265 Δ

132 1269 264 1342 Suspicor
276 1273 427 1355 equidem:
452 1274 545 1342 poitur
559 1274 587 1324 io
602 1290 658 1325 anu
676 1281 752 1342 atque
769 1273 860 1327 eodem
870 1290 981 1341 perrom
995 1297 1022 1330 u.

165 1382 208 1431 De
223 1376 325 1430 omisso
340 1375 541 1444 praepositione
557 1375 623 1428 vide
644 1366 811 1444 interpreter
829 1374 864 1428 ad
879 1373 1005 1447 Propert.
1021 1378 1049 1448 1,
1062 1380 1089 1448 2,
1100 1376 1130 1438 1.
1161 1454 1164 1458 ⁸

133 1464 309 1531 Oudendorp.
324 1463 359 1514 ad
375 1461 487 1530 Apuleii
501 1463 568 1515 Met.
586 1479 613 1530 p.
628 1459 672 1514 85.
1085 1487 1087 1490 >

73 1606 76 1615 ¹
149 1622 203 1681 20.
228 1587 446 1681 Grammatici
463 1625 594 1693 errant,
620 1634 723 1700 quum
741 1610 863 1677 docent
879 1636 897 1678 a
894 1612 1040 1711 ,ΗΕ-111.
1036 1623 1163 1705 peto-¹

63 1703 159 1768 ribus
177 1704 271 1766 adiici
289 1698 575 1787 praepositionem
596 1698 880 1789 abrtndsptia'eaut
895 1721 1010 1789 copiae
1032 1721 1129 1764 caus·
1163 1716 1165 1720 '

50 1813 100 1869 'sa
128 1789 239 1862 iniis,
273 1809 355 1870 quae
380 1784 615 1848 conditionem
619 1780 776 1853 ‘olinitius'
798 1778 945 1849 Edifiiriis
961 1780 1157 1852 indicarit?
1216 1805 1217 1809 ’

63 1875 141 1938 Vid.
167 1872 359 1938 Markland.
385 1871 472 1957 apud
487 1870 489 1875 ’
504 1870 686 1934 Burmann.
720 1869 760 1933 ad
785 1871 935 1957 Propert.
964 1878 1000 1949 1,
1020 1877 1056 1950 1,
1074 1877 1127 1937 20.

64 1961 285 2044 Oudendorp.
301 1957 339 2020 ad
358 1956 487 2044 Apuleii
501 1957 637 2020 Metam.
656 1979 692 2044 p.
710 1959 764 2020 84.
781 1980 813 2043 p.
830 1959 903 2022 754.
925 1954 1070 2040 Sillipiius
1085 1956 1127 2021 nd
1173 2016 1176 2025 ,
1287 2014 1291 2022 .

58 2044 181 2129 Virgil.
201 2045 266 2107 Cir.
286 2045 358 2112 109.
402 2046 444 2105 At
462 2053 638 2129 poetarum
654 2052 702 2106 est
718 2042 774 2106 lex
791 2030 1065 2121 et‘consuetudo,
1088 2053 1129 2125 ut*
1213 2084 1216 2089 -

54 2155 112 2197 ros
131 2141 207 2192 ante
227 2129 339 2192 oculos
355 2127 417 2190 sibi
435 2129 571 2214 aliisque
591 2137 719 2217 panant
743 2138 775 2190 et
789 2131 943 2195 notiones
967 2129 1068 2192 animi
1088 2131 1124 2193 iu
1188 2180 1190 2184 >

56 2217 219 2302 imagines
236 2215 429 2300 conspicuas
447 2220 600 2278 mutent.=
633 2213 785 2300 Virgilius
804 2235 908 2300 quum
923 2215 1021 2277 dicit:
1042 2225 1125 2280 ante

58 2305 151 2368 alios
173 2301 229 2388 qai
253 2313 334 2364 tnnc
360 2297 509 2386 florebat
535 2301 572 2364 in
598 2300 726 2383 armis,
759 2297 910 2365 Minoem
933 2300 1044 2385 ipsum
1067 2302 1124 2364 in·
1150 2335 1152 2339 ·

60 2389 179 2453 cedere
213 2387 362 2453 videmus
392 2386 492 2448 armis
527 2396 697 2448 ornatum.
757 2385 873 2472 Neque
895 2385 1123 2451 'abundantiae

59 2476 247 2538 tribuamus
265 2470 363 2536 verba
381 2470 559 2558 Sophoclis
570 2470 657 2555 Aine.
674 2473 748 2534 488.
767 2473 931 2546 aniversae
946 2471 977 2534 ἐν
993 2473 1125 2537 nicoeni

59 2561 247 2646 Scriptores
279 2555 500 2621 recentissimi
525 2556 614 2636 aevi,
640 2556 805 2645 poeticam
827 2558 1044 2622 imitationem
1071 2537 1123 2622 ai-

55 2646 237 2722 dectantes‚
277 2643 376 2705 etiam
408 2642 470 2706 huo
506 2642 649 2707 dictione
677 2641 823 2706 delectati
859 2653 947 2706 sunt.
1008 2643 1122 2723 Quare

56 2729 355 2798 Drakenborchius
375 2715 494 2814 §mern
513 2720 642 2792 dicendi
667 2749 735 2791 uon
761 2728 839 2792 satis
862 2737 1034 2815 perspecta
1058 2727 1121 2796 ha·

59 2817 178 2894 bebat,
225 2836 330 2902 quum
366 2815 497 2878 livium
542 2814 757 2878 contenderet
795 2813 943 2879 scribere
974 2815 1125 2900 potuisse

57 2906 282 2985 5,34‚8.·m
303 2899 446 2965 navibus
473 2923 496 2963 a
520 2899 683 2964 Plrocaea
706 2897 866 2987 projecti.
908 2898 1021 2963 Potuit
1044 2900 1122 2986 qui·
1172 2934 1174 2938 ·
1219 2928 1223 2933 ·

59 2989 148 3062 dem,
173 2988 228 3052 sed
248 2989 418 3074 poeticum
436 2994 531 3050 esset.
574 2985 670 3050 Ovid.
688 2987 759 3048 Art.
780 2985 899 3064 1,,111.
921 2996 1069 3070 qrratnor
1083 2986 1122 3050 in

58 3076 167 3140 niveis
186 3095 309 3138 mineus
333 3069 397 3135 ibis
422 3070 527 3158 equis.
570 3070 715 3135 Martial.
739 3073 849 3148 3,17.
868 3069 973 3156 plena
987 3069 1122 3135 Bassus

57 3161 134 3226 idat
155 3160 192 3222 in
208 3157 329 3221 rhedo.
373 3159 415 3220 At
437 3178 505 3220 non
532 3156 730 3219 mirabimur
752 3155 928 3242 Apuleium
952 3156 1122 3244 scripsisse
1208 3222 1210 3227 ,
1270 3200 1272 3205 -

55 3248 142 3312 Met.
163 3251 211 3306 11.
234 3264 267 3328 p.
295 3239 445 3305 26411.
470 3246 518 3328 (p.
537 3245 612 3305 783.
637 3241 931 3328 Oud.)'oomitnr'e'
954 3264 1122 3328 pompam
1147 3244 1155 3252 ”

57 3334 95 3398 in
114 3339 236 3392 ovante
251 3327 380 3412 grado.
405 3326 666 3412 deDogm.Plat.
688 3327 724 3410 p.
739 3331 772 3390 7.
789 3332 820 3399 t.
839 3327 878 3390 in
894 3326 968 3392 lace
980 3327 1120 3396 siderea
1145 3382 1147 3387 .

57 3415 195 3481 ardere.
241 3410 293 3475 ef.
313 3411 450 3499 Miscell.
471 3411 643 3477 Observot.
664 3411 708 3476 Τ.
723 3410 780 3476 111.
802 3434 836 3499 p.
855 3417 927 3477 182.
1039 3424 1043 3439 “

161 3533 288 3600 Propert.
303 3531 336 3596 l,
352 3531 386 3595 2,
402 3529 427 3584 6.
444 3532 475 3584 in
491 3531 605 3601 propriis
625 3531 848 3599 mem-trendens
872 3531 1010 3596 transl,
1026 3530 1117 3596 1,20.
1144 3555 1146 3559 ’
1201 3523 1203 3527 ⁴

129 3619 204 3669 ledor
219 3619 249 3668 in
264 3618 376 3686 magieis
392 3633 473 3685 sucro
489 3617 567 3686 piore
577 3615 655 3686 sacis.
760 3660 765 3667 ,
1081 3643 1098 3687 5

161 3719 268 3784 Apulei.
290 3718 401 3772 111612.
426 3717 602 3786 p.·115‚·1:4.
631 3719 699 3771 oculi
720 3720 749 3771 in
769 3719 893 3794 adoperto
916 3719 1050 3772 armantes.
1074 3717 1119 3780 11,
1151 3724 1156 3731 '

127 3822 153 3871 p.
168 3803 231 3866 268,
247 3802 290 3857 35.
311 3807 340 3857 in
356 3805 469 3857 damano
485 3805 539 3857 iam
547 3821 603 3856 meo
617 3806 742 3873 adspectu
758 3805 889 3876 adnuitur.
916 3804 971 3856 rid.
986 3803 1120 3856 Prieneus

128 3907 154 3956 p.
172 3887 214 3940 tl.
233 3895 260 3939 et
278 3908 304 3956 p.
321 3888 382 3943 681.
404 3889 516 3958 Seiopp.
538 3890 618 3958 Surp.
644 3890 720 3943 lieet.
740 3890 776 3952 2,
797 3889 839 3942 12.
864 3889 931 3944 Met.
954 3887 980 3940 0.
1011 3907 1037 3952 p.
1057 3887 1119 3939 282.
1179 3930 1182 3937 .
1233 3910 1239 3916 ·

129 3971 200 4039 (656·
216 3973 301 4110 (ἔξω.)
321 3977 375 4030 mm
391 3977 474 4036 isirin
487 3975 590 4046 paralio
605 3975 910 4064 mutoir'altercontidne.
935 3973 984 4028 ubi
994 3970 1120 4026 Oudeod.

36 4098 39 4103 -
130 4064 202 4126 etp.
257 4092 264 4108 .
942 4073 945 4077 ·
