<?xml version="1.0" encoding="UTF-8"?>
<!DOCTYPE html PUBLIC "-//W3C//DTD XHTML 1.0 Transitional//EN"
    "http://www.w3.org/TR/xhtml1/DTD/xhtml1-transitional.dtd">
<html xmlns="http://www.w3.org/1999/xhtml" xml:lang="en" lang="en">
 <head>
  <title>
</title>
<meta http-equiv="Content-Type" content="text/html;charset=utf-8" />
  <meta name='ocr-system' content='tesseract 3.04.00' />
  <meta name='ocr-capabilities' content='ocr_page ocr_carea ocr_par ocr_line ocrx_word'/>
</head>
<body>
  <div class='ocr_page' id='page_1' title='image "./tursellinusseud01handgoog_0114.png"; bbox 0 0 2654 4770; ppageno 0'>
   <div class='ocr_carea' id='block_1_1' title="bbox 149 225 708 298">
    <p class='ocr_par' dir='ltr' id='par_1_1' title="bbox 149 225 708 298">
     <span class='ocr_line' id='line_1_1' title="bbox 149 225 708 298; baseline -0.011 0"><span class='ocrx_word' id='word_1_1' title='bbox 149 237 210 298; x_wconf 76' lang='lat'><strong>110</strong></span> <span class='ocrx_word' id='word_1_2' title='bbox 618 225 708 293; x_wconf 80' lang='lat' dir='ltr'><strong>IAM.</strong></span> 
     </span>
    </p>
   </div>
   <div class='ocr_carea' id='block_1_2' title="bbox 146 379 1225 556">
    <p class='ocr_par' dir='ltr' id='par_1_2' title="bbox 146 379 1225 556">
     <span class='ocr_line' id='line_1_2' title="bbox 229 379 1225 482; baseline 0.003 -31"><span class='ocrx_word' id='word_1_3' title='bbox 229 389 260 451; x_wconf 79' lang='lat'><strong>2.</strong></span> <span class='ocrx_word' id='word_1_4' title='bbox 289 382 375 449; x_wconf 87' lang='lat' dir='ltr'><strong>Hinc</strong></span> <span class='ocrx_word' id='word_1_5' title='bbox 396 381 451 462; x_wconf 79' lang='lat' dir='ltr'><strong>sit,</strong></span> <span class='ocrx_word' id='word_1_6' title='bbox 471 390 510 480; x_wconf 77' lang='lat' dir='ltr'><strong>nt</strong></span> <span class='ocrx_word' id='word_1_7' title='bbox 530 379 612 447; x_wconf 86' lang='lat' dir='ltr'><strong>haee</strong></span> <span class='ocrx_word' id='word_1_8' title='bbox 634 381 793 471; x_wconf 83' lang='lat' dir='ltr'><strong>particula</strong></span> <span class='ocrx_word' id='word_1_9' title='bbox 808 383 984 482; x_wconf 83' lang='lat' dir='ltr'><strong>proprium</strong></span> <span class='ocrx_word' id='word_1_10' title='bbox 1006 382 1122 452; x_wconf 85' lang='lat' dir='ltr'><strong>locum</strong></span> <span class='ocrx_word' id='word_1_11' title='bbox 1143 387 1194 454; x_wconf 88' lang='lat' dir='ltr'><strong>in-</strong></span> <span class='ocrx_word' id='word_1_12' title='bbox 1222 442 1225 453; x_wconf 94' lang='lat'>.</span> 
     </span>
     <span class='ocr_line' id='line_1_3' title="bbox 146 468 1110 556; baseline -0.003 -17"><span class='ocrx_word' id='word_1_13' title='bbox 146 471 255 539; x_wconf 82' lang='lat' dir='ltr'><strong>veniet</strong></span> <span class='ocrx_word' id='word_1_14' title='bbox 268 472 304 536; x_wconf 93' lang='lat' dir='ltr'><strong>in</strong></span> <span class='ocrx_word' id='word_1_15' title='bbox 319 471 579 554; x_wconf 75' lang='lat' dir='ltr'><strong>interrogatione</strong></span> <span class='ocrx_word' id='word_1_16' title='bbox 596 468 638 534; x_wconf 90' lang='lat' dir='ltr'><strong>de</strong></span> <span class='ocrx_word' id='word_1_17' title='bbox 652 490 792 556; x_wconf 87' lang='lat' dir='ltr'><strong>repens</strong></span> <span class='ocrx_word' id='word_1_18' title='bbox 806 470 990 536; x_wconf 81' lang='lat' dir='ltr'><strong>moredibiti</strong></span> <span class='ocrx_word' id='word_1_19' title='bbox 1008 470 1110 553; x_wconf 81' lang='lat' dir='ltr'><strong>facts,</strong></span> 
     </span>
    </p>
   </div>
   <div class='ocr_carea' id='block_1_3' title="bbox 213 586 1192 899">
    <p class='ocr_par' dir='ltr' id='par_1_3' title="bbox 213 586 1192 899">
     <span class='ocr_line' id='line_1_4' title="bbox 249 586 1192 660; baseline 0.004 -18"><span class='ocrx_word' id='word_1_20' title='bbox 249 588 362 642; x_wconf 79' lang='lat' dir='ltr'><strong>Terent.</strong></span> <span class='ocrx_word' id='word_1_21' title='bbox 376 589 458 642; x_wconf 78' lang='lat' dir='ltr'><strong>Andr.</strong></span> <span class='ocrx_word' id='word_1_22' title='bbox 471 587 497 652; x_wconf 82' lang='grc'><strong>3,</strong></span> <span class='ocrx_word' id='word_1_23' title='bbox 513 587 538 653; x_wconf 89' lang='grc'><strong>1,</strong></span> <span class='ocrx_word' id='word_1_24' title='bbox 554 586 598 641; x_wconf 84' lang='grc'><strong>16.</strong></span> <span class='ocrx_word' id='word_1_25' title='bbox 625 588 687 653; x_wconf 79' lang='lat' dir='ltr'><strong>irai,</strong></span> <span class='ocrx_word' id='word_1_26' title='bbox 707 595 763 642; x_wconf 81' lang='lat' dir='ltr'><strong>tam</strong></span> <span class='ocrx_word' id='word_1_27' title='bbox 783 588 859 643; x_wconf 76' lang='lat' dir='ltr'><strong>sito?</strong></span> <span class='ocrx_word' id='word_1_28' title='bbox 892 590 962 643; x_wconf 79' lang='lat' dir='ltr'><strong>Ean.</strong></span> <span class='ocrx_word' id='word_1_29' title='bbox 977 590 1004 658; x_wconf 80' lang='lat'><strong>2,</strong></span> <span class='ocrx_word' id='word_1_30' title='bbox 1021 590 1050 660; x_wconf 76' lang='lat'><strong>1,</strong></span> <span class='ocrx_word' id='word_1_31' title='bbox 1068 590 1113 649; x_wconf 75' lang='lat'><strong>17.</strong></span> <span class='ocrx_word' id='word_1_32' title='bbox 1147 608 1192 653; x_wconf 70' lang='lat' dir='ltr'><strong>u,</strong></span> 
     </span>
     <span class='ocr_line' id='line_1_5' title="bbox 216 674 1190 745; baseline 0.003 -16"><span class='ocrx_word' id='word_1_33' title='bbox 216 677 333 729; x_wconf 78' lang='lat' dir='ltr'><strong><em>Tandem</em></strong></span> <span class='ocrx_word' id='word_1_34' title='bbox 345 692 396 727; x_wconf 81' lang='lat' dir='ltr'><strong>aon</strong></span> <span class='ocrx_word' id='word_1_35' title='bbox 412 691 461 743; x_wconf 86' lang='lat' dir='ltr'><strong>ego</strong></span> <span class='ocrx_word' id='word_1_36' title='bbox 478 674 527 725; x_wconf 87' lang='lat' dir='ltr'><strong>s&#39;llo</strong></span> <span class='ocrx_word' id='word_1_37' title='bbox 541 690 652 736; x_wconf 80' lang='lat' dir='ltr'><strong>ceream,</strong></span> <span class='ocrx_word' id='word_1_38' title='bbox 670 674 694 725; x_wconf 84' lang='lat' dir='ltr'><strong>si</strong></span> <span class='ocrx_word' id='word_1_39' title='bbox 706 675 742 726; x_wconf 80' lang='lat' dir='ltr'><strong>sit</strong></span> <span class='ocrx_word' id='word_1_40' title='bbox 754 692 825 745; x_wconf 83' lang='lat' dir='ltr'><strong>opus,</strong></span> <span class='ocrx_word' id='word_1_41' title='bbox 842 675 883 727; x_wconf 79' lang='lat' dir='ltr'><strong>sel</strong></span> <span class='ocrx_word' id='word_1_42' title='bbox 895 682 977 729; x_wconf 72' lang='lat' dir='ltr'><strong>nsum</strong></span> <span class='ocrx_word' id='word_1_43' title='bbox 990 679 1121 732; x_wconf 64' lang='grc' dir='ltr'><strong>τήθη..</strong></span> <span class='ocrx_word' id='word_1_44' title='bbox 1150 692 1190 731; x_wconf 77' lang='lat' dir='ltr'><strong>rs.</strong></span> 
     </span>
     <span class='ocr_line' id='line_1_6' title="bbox 214 755 1191 831; baseline 0.003 -17"><span class='ocrx_word' id='word_1_45' title='bbox 214 762 271 814; x_wconf 83' lang='lat' dir='ltr'><strong>llas&#39;</strong></span> <span class='ocrx_word' id='word_1_46' title='bbox 278 762 288 812; x_wconf 80' lang='lat' dir='ltr'><strong>l</strong></span> <span class='ocrx_word' id='word_1_47' title='bbox 305 761 451 813; x_wconf 81' lang='lat' dir='ltr'><strong>uniuersam</strong></span> <span class='ocrx_word' id='word_1_48' title='bbox 464 755 601 811; x_wconf 82' lang='lat' dir='ltr'><strong>triduum?</strong></span> <span class='ocrx_word' id='word_1_49' title='bbox 616 757 683 822; x_wconf 84' lang='lat' dir='ltr'><strong>side,</strong></span> <span class='ocrx_word' id='word_1_50' title='bbox 696 758 760 826; x_wconf 74' lang='lat' dir='ltr'><strong>qnid</strong></span> <span class='ocrx_word' id='word_1_51' title='bbox 770 775 850 831; x_wconf 53' lang='lat' dir='ltr'><strong>agag</strong></span> <span class='ocrx_word' id='word_1_52' title='bbox 869 761 972 815; x_wconf 75' lang='lat' dir='ltr'><strong>fleant.</strong></span> <span class='ocrx_word' id='word_1_53' title='bbox 986 760 1014 827; x_wconf 71' lang='grc' dir='ltr'><strong>ὅ,</strong></span> <span class='ocrx_word' id='word_1_54' title='bbox 1027 761 1056 828; x_wconf 71' lang='lat'><strong>8,</strong></span> <span class='ocrx_word' id='word_1_55' title='bbox 1070 759 1117 815; x_wconf 60' lang='grc' dir='ltr'><strong>ὦ.</strong></span> <span class='ocrx_word' id='word_1_56' title='bbox 1133 762 1191 817; x_wconf 63' lang='lat' dir='ltr'><strong>H!</strong></span> 
     </span>
     <span class='ocr_line' id='line_1_7' title="bbox 213 828 990 899; baseline -0.003 0"><span class='ocrx_word' id='word_1_57' title='bbox 213 846 320 899; x_wconf 59' lang='lat' dir='ltr'><strong>mam</strong></span> <span class='ocrx_word' id='word_1_58' title='bbox 337 844 366 896; x_wconf 82' lang='lat' dir='ltr'><strong>id</strong></span> <span class='ocrx_word' id='word_1_59' title='bbox 374 841 433 895; x_wconf 81' lang='lat' dir='ltr'><strong>est?</strong></span> <span class='ocrx_word' id='word_1_60' title='bbox 986 828 990 839; x_wconf 62' lang='grc'><strong>’</strong></span> 
     </span>
    </p>
   </div>
   <div class='ocr_carea' id='block_1_4' title="bbox 147 951 1187 1124">
    <p class='ocr_par' dir='ltr' id='par_1_4' title="bbox 147 951 1187 1124">
     <span class='ocr_line' id='line_1_8' title="bbox 231 951 1187 1033; baseline 0.002 -14"><span class='ocrx_word' id='word_1_61' title='bbox 231 960 264 1019; x_wconf 93' lang='grc'><strong>8.</strong></span> <span class='ocrx_word' id='word_1_62' title='bbox 294 953 425 1018; x_wconf 89' lang='lat' dir='ltr'><strong>Ironise</strong></span> <span class='ocrx_word' id='word_1_63' title='bbox 450 952 603 1033; x_wconf 85' lang='lat' dir='ltr'><strong>inservit,</strong></span> <span class='ocrx_word' id='word_1_64' title='bbox 633 951 689 1017; x_wconf 89' lang='lat' dir='ltr'><strong>ubi</strong></span> <span class='ocrx_word' id='word_1_65' title='bbox 720 952 860 1019; x_wconf 87' lang='lat' dir='ltr'><strong>slienam</strong></span> <span class='ocrx_word' id='word_1_66' title='bbox 887 955 1086 1021; x_wconf 87' lang='lat' dir='ltr'><strong>sententiam</strong></span> <span class='ocrx_word' id='word_1_67' title='bbox 1114 952 1187 1022; x_wconf 87' lang='lat' dir='ltr'><strong>reii-</strong></span> 
     </span>
     <span class='ocr_line' id='line_1_9' title="bbox 147 1036 874 1124; baseline 0 -21"><span class='ocrx_word' id='word_1_68' title='bbox 147 1040 268 1105; x_wconf 86' lang='lat' dir='ltr'><strong>cientes</strong></span> <span class='ocrx_word' id='word_1_69' title='bbox 290 1042 450 1104; x_wconf 88' lang='lat' dir='ltr'><strong>miramur</strong></span> <span class='ocrx_word' id='word_1_70' title='bbox 463 1038 516 1119; x_wconf 87' lang='lat' dir='ltr'><strong>id,</strong></span> <span class='ocrx_word' id='word_1_71' title='bbox 540 1036 632 1124; x_wconf 89' lang='lat' dir='ltr'><strong>quod</strong></span> <span class='ocrx_word' id='word_1_72' title='bbox 650 1037 775 1102; x_wconf 85' lang='lat' dir='ltr'><strong>dietum</strong></span> <span class='ocrx_word' id='word_1_73' title='bbox 793 1048 874 1104; x_wconf 85' lang='lat' dir='ltr'><strong>erat.</strong></span> 
     </span>
    </p>
   </div>
   <div class='ocr_carea' id='block_1_5' title="bbox 192 1157 1186 1566">
    <p class='ocr_par' dir='ltr' id='par_1_5' title="bbox 192 1157 1186 1566">
     <span class='ocr_line' id='line_1_10' title="bbox 250 1157 1183 1229; baseline 0.001 -17"><span class='ocrx_word' id='word_1_74' title='bbox 250 1160 362 1212; x_wconf 87' lang='lat' dir='ltr'><strong>Terent.</strong></span> <span class='ocrx_word' id='word_1_75' title='bbox 384 1157 538 1223; x_wconf 82' lang='lat' dir='ltr'><strong>Phorm.2,</strong></span> <span class='ocrx_word' id='word_1_76' title='bbox 554 1158 581 1223; x_wconf 92' lang='lat'><strong>1,</strong></span> <span class='ocrx_word' id='word_1_77' title='bbox 600 1157 643 1211; x_wconf 65' lang='lat'><strong>72.</strong></span> <span class='ocrx_word' id='word_1_78' title='bbox 667 1157 729 1222; x_wconf 81' lang='lat' dir='ltr'><strong>lent,</strong></span> <span class='ocrx_word' id='word_1_79' title='bbox 754 1158 820 1210; x_wconf 81' lang='lat' dir='ltr'><strong>disti</strong></span> <span class='ocrx_word' id='word_1_80' title='bbox 832 1159 957 1227; x_wconf 72' lang='lat' dir='ltr'><strong>pulchre,</strong></span> <span class='ocrx_word' id='word_1_81' title='bbox 982 1158 1183 1229; x_wconf 72' lang='lat' dir='ltr'><strong>siquidem&#39;prds·</strong></span> 
     </span>
     <span class='ocr_line' id='line_1_11' title="bbox 215 1239 1183 1314; baseline 0.002 -17"><span class='ocrx_word' id='word_1_82' title='bbox 215 1261 293 1314; x_wconf 78' lang='lat' dir='ltr'><strong>qnoss</strong></span> <span class='ocrx_word' id='word_1_83' title='bbox 311 1244 423 1296; x_wconf 83' lang='lat' dir='ltr'><strong>erederet</strong></span> <span class='ocrx_word' id='word_1_84' title='bbox 438 1248 463 1296; x_wconf 85' lang='lat' dir='ltr'><strong>te</strong></span> <span class='ocrx_word' id='word_1_85' title='bbox 484 1243 548 1295; x_wconf 82' lang='lat' dir='ltr'><strong>sisa</strong></span> <span class='ocrx_word' id='word_1_86' title='bbox 583 1243 685 1295; x_wconf 84' lang='lat' dir='ltr'><strong>Heent.</strong></span> <span class='ocrx_word' id='word_1_87' title='bbox 706 1240 733 1307; x_wconf 79' lang='lat' dir='ltr'><strong>t,</strong></span> <span class='ocrx_word' id='word_1_88' title='bbox 745 1239 773 1305; x_wconf 72' lang='lat'><strong>5,</strong></span> <span class='ocrx_word' id='word_1_89' title='bbox 789 1240 832 1294; x_wconf 80' lang='lat'><strong>28.</strong></span> <span class='ocrx_word' id='word_1_90' title='bbox 850 1243 913 1309; x_wconf 72' lang='lat' dir='ltr'><strong>leui,</strong></span> <span class='ocrx_word' id='word_1_91' title='bbox 929 1245 1022 1297; x_wconf 80' lang='lat' dir='ltr'><strong>tardas</strong></span> <span class='ocrx_word' id='word_1_92' title='bbox 1036 1261 1073 1299; x_wconf 86' lang='lat' dir='ltr'><strong>es.</strong></span> <span class='ocrx_word' id='word_1_93' title='bbox 1095 1243 1183 1311; x_wconf 72' lang='lat' dir='ltr'><strong>quu-</strong></span> 
     </span>
     <span class='ocr_line' id='line_1_12' title="bbox 192 1315 1183 1397; baseline 0.002 -16"><span class='ocrx_word' id='word_1_94' title='bbox 192 1315 309 1381; x_wconf 49' lang='lat' dir='ltr'><strong>&#39;rerbis</strong></span> <span class='ocrx_word' id='word_1_95' title='bbox 324 1325 410 1397; x_wconf 76' lang='lat' dir='ltr'><strong>Syrus</strong></span> <span class='ocrx_word' id='word_1_96' title='bbox 432 1343 485 1378; x_wconf 91' lang='lat' dir='ltr'><strong>non</strong></span> <span class='ocrx_word' id='word_1_97' title='bbox 509 1325 571 1377; x_wconf 80' lang='lat' dir='ltr'><strong>vult</strong></span> <span class='ocrx_word' id='word_1_98' title='bbox 596 1327 770 1379; x_wconf 73' lang='lat' dir='ltr'><strong>Chremetem</strong></span> <span class='ocrx_word' id='word_1_99' title='bbox 792 1325 955 1396; x_wconf 78' lang='lat' dir='ltr'><strong>obiurgare,</strong></span> <span class='ocrx_word' id='word_1_100' title='bbox 975 1328 1047 1397; x_wconf 74' lang='lat' dir='ltr'><strong>quod</strong></span> <span class='ocrx_word' id='word_1_101' title='bbox 1073 1346 1127 1383; x_wconf 88' lang='lat' dir='ltr'><strong>non</strong></span> <span class='ocrx_word' id='word_1_102' title='bbox 1143 1330 1183 1383; x_wconf 79' lang='lat' dir='ltr'><strong>ds·</strong></span> 
     </span>
     <span class='ocr_line' id='line_1_13' title="bbox 214 1409 1186 1479; baseline 0.003 -12"><span class='ocrx_word' id='word_1_103' title='bbox 214 1413 271 1467; x_wconf 88' lang='lat' dir='ltr'><strong>enit</strong></span> <span class='ocrx_word' id='word_1_104' title='bbox 285 1428 411 1476; x_wconf 82' lang='lat' dir='ltr'><strong>serram,</strong></span> <span class='ocrx_word' id='word_1_105' title='bbox 431 1411 495 1476; x_wconf 86' lang='lat' dir='ltr'><strong>sed,</strong></span> <span class='ocrx_word' id='word_1_106' title='bbox 512 1410 625 1463; x_wconf 83' lang='lat' dir='ltr'><strong>ntbens</strong></span> <span class='ocrx_word' id='word_1_107' title='bbox 642 1409 710 1463; x_wconf 81' lang='lat' dir='ltr'><strong>sidit</strong></span> <span class='ocrx_word' id='word_1_108' title='bbox 731 1411 930 1479; x_wconf 72' lang='lat' dir='ltr'>calphurnius,</span> <span class='ocrx_word' id='word_1_109' title='bbox 948 1410 1016 1466; x_wconf 81' lang='lat' dir='ltr'><strong>dicit</strong></span> <span class='ocrx_word' id='word_1_110' title='bbox 1033 1414 1107 1467; x_wconf 81' lang='lat' dir='ltr'><strong>trees</strong></span> <span class='ocrx_word' id='word_1_111' title='bbox 1128 1422 1186 1469; x_wconf 77' lang='lat' dir='ltr'><strong>ret-¹</strong></span> 
     </span>
     <span class='ocr_line' id='line_1_14' title="bbox 215 1492 1094 1566; baseline -0.003 -12"><span class='ocrx_word' id='word_1_112' title='bbox 215 1500 255 1553; x_wconf 73' lang='lat' dir='ltr'><strong>lie</strong></span> <span class='ocrx_word' id='word_1_113' title='bbox 267 1514 330 1552; x_wconf 81' lang='lat' dir='ltr'><strong>oum</strong></span> <span class='ocrx_word' id='word_1_114' title='bbox 345 1494 441 1551; x_wconf 85' lang='lat' dir='ltr'><strong>servili</strong></span> <span class='ocrx_word' id='word_1_115' title='bbox 455 1501 545 1566; x_wconf 75' lang='lat' dir='ltr'><strong>gestu.</strong></span> <span class='ocrx_word' id='word_1_116' title='bbox 578 1492 704 1547; x_wconf 83' lang='lat' dir='ltr'><strong>Editores</strong></span> <span class='ocrx_word' id='word_1_117' title='bbox 720 1493 832 1562; x_wconf 83' lang='lat' dir='ltr'><strong>qnidam</strong></span> <span class='ocrx_word' id='word_1_118' title='bbox 849 1495 1015 1564; x_wconf 80' lang='lat' dir='ltr'><strong>scripserunt</strong></span> <span class='ocrx_word' id='word_1_119' title='bbox 1028 1499 1094 1551; x_wconf 74' lang='lat' dir='ltr'><strong>eat.</strong></span> 
     </span>
    </p>
   </div>
   <div class='ocr_carea' id='block_1_6' title="bbox 56 1604 1210 2549">
    <p class='ocr_par' dir='ltr' id='par_1_6' title="bbox 142 1604 1186 2202">
     <span class='ocr_line' id='line_1_15' title="bbox 228 1604 1181 1694; baseline 0.001 -20"><span class='ocrx_word' id='word_1_120' title='bbox 228 1611 259 1676; x_wconf 80' lang='lat'><strong>4.</strong></span> <span class='ocrx_word' id='word_1_121' title='bbox 285 1608 435 1674; x_wconf 75' lang='lat' dir='ltr'><strong>Donatus</strong></span> <span class='ocrx_word' id='word_1_122' title='bbox 457 1627 561 1694; x_wconf 90' lang='lat' dir='ltr'><strong>qnnm</strong></span> <span class='ocrx_word' id='word_1_123' title='bbox 587 1604 628 1670; x_wconf 87' lang='lat' dir='ltr'><strong>nd</strong></span> <span class='ocrx_word' id='word_1_124' title='bbox 649 1604 783 1670; x_wconf 70' lang='lat' dir='ltr'><strong>Terent,</strong></span> <span class='ocrx_word' id='word_1_125' title='bbox 802 1604 886 1684; x_wconf 83' lang='lat' dir='ltr'><strong>Eun.</strong></span> <span class='ocrx_word' id='word_1_126' title='bbox 903 1608 935 1690; x_wconf 82' lang='lat'><strong>4,</strong></span> <span class='ocrx_word' id='word_1_127' title='bbox 951 1612 983 1690; x_wconf 80' lang='lat'><strong>7,</strong></span> <span class='ocrx_word' id='word_1_128' title='bbox 1007 1608 1060 1673; x_wconf 84' lang='grc'><strong>86.</strong></span> <span class='ocrx_word' id='word_1_129' title='bbox 1085 1628 1181 1675; x_wconf 87' lang='lat' dir='ltr'><strong>anno·</strong></span> 
     </span>
     <span class='ocr_line' id='line_1_16' title="bbox 146 1691 1181 1780; baseline -0.001 -18"><span class='ocrx_word' id='word_1_130' title='bbox 146 1704 263 1763; x_wconf 74' lang='lat' dir='ltr'><strong>tassete</strong></span> <span class='ocrx_word' id='word_1_131' title='bbox 292 1695 370 1775; x_wconf 82' lang='lat' dir='ltr'><strong>lsai,</strong></span> <span class='ocrx_word' id='word_1_132' title='bbox 396 1693 492 1773; x_wconf 73' lang='lat' dir='ltr'><strong>leem,</strong></span> <span class='ocrx_word' id='word_1_133' title='bbox 514 1702 548 1758; x_wconf 82' lang='lat' dir='ltr'><strong>et</strong></span> <span class='ocrx_word' id='word_1_134' title='bbox 568 1703 682 1757; x_wconf 83' lang='lat' dir='ltr'><strong>cetera</strong></span> <span class='ocrx_word' id='word_1_135' title='bbox 703 1691 898 1757; x_wconf 81' lang='lat' dir='ltr'><strong>huiusmodi</strong></span> <span class='ocrx_word' id='word_1_136' title='bbox 916 1694 1082 1780; x_wconf 77' lang='lat' dir='ltr'><strong>generis,</strong></span> <span class='ocrx_word' id='word_1_137' title='bbox 1099 1716 1181 1761; x_wconf 61' lang='lat' dir='ltr'><strong>sarh</strong></span> 
     </span>
     <span class='ocr_line' id='line_1_17' title="bbox 142 1774 1183 1864; baseline 0 -19"><span class='ocrx_word' id='word_1_138' title='bbox 142 1776 214 1847; x_wconf 85' lang='lat' dir='ltr'><strong>¹nee</strong></span> <span class='ocrx_word' id='word_1_139' title='bbox 233 1791 311 1844; x_wconf 84' lang='lat' dir='ltr'><strong>sunt</strong></span> <span class='ocrx_word' id='word_1_140' title='bbox 335 1776 496 1843; x_wconf 76' lang='lat' dir='ltr'><strong>aduersus</strong></span> <span class='ocrx_word' id='word_1_141' title='bbox 521 1799 594 1852; x_wconf 89' lang='lat' dir='ltr'><strong>eos,</strong></span> <span class='ocrx_word' id='word_1_142' title='bbox 618 1774 734 1864; x_wconf 84' lang='lat' dir='ltr'><strong>quibus</strong></span> <span class='ocrx_word' id='word_1_143' title='bbox 756 1775 958 1842; x_wconf 72' lang='lat' dir='ltr'><em>irascimur:</em></span> <span class='ocrx_word' id='word_1_144' title='bbox 1008 1776 1183 1861; x_wconf 64' lang='lat' dir='ltr'><strong>rnmmstiq‘</strong></span> 
     </span>
     <span class='ocr_line' id='line_1_18' title="bbox 145 1802 1182 1954; baseline 0.002 -24"><span class='ocrx_word' id='word_1_145' title='bbox 145 1867 224 1931; x_wconf 89' lang='lat' dir='ltr'><strong>huic</strong></span> <span class='ocrx_word' id='word_1_146' title='bbox 246 1863 425 1954; x_wconf 77' lang='lat' dir='ltr'><strong>particulae</strong></span> <span class='ocrx_word' id='word_1_147' title='bbox 440 1861 626 1927; x_wconf 89' lang='lat' dir='ltr'><strong>tribuerunt</strong></span> <span class='ocrx_word' id='word_1_148' title='bbox 643 1862 710 1925; x_wconf 88' lang='lat' dir='ltr'><strong>vim</strong></span> <span class='ocrx_word' id='word_1_149' title='bbox 731 1863 798 1926; x_wconf 87' lang='lat' dir='ltr'><strong>irae</strong></span> <span class='ocrx_word' id='word_1_150' title='bbox 813 1802 1054 1947; x_wconf 74' lang='lat' dir='ltr'><strong>significandae.</strong></span> <span class='ocrx_word' id='word_1_151' title='bbox 1098 1856 1182 1931; x_wconf 58' lang='lat' dir='ltr'><strong>Atti*-</strong></span> 
     </span>
     <span class='ocr_line' id='line_1_19' title="bbox 144 1938 1184 2036; baseline 0.002 -19"><span class='ocrx_word' id='word_1_152' title='bbox 144 1973 225 2017; x_wconf 90' lang='lat' dir='ltr'><strong>men</strong></span> <span class='ocrx_word' id='word_1_153' title='bbox 252 1971 333 2036; x_wconf 83' lang='lat' dir='ltr'><strong>quse</strong></span> <span class='ocrx_word' id='word_1_154' title='bbox 358 1938 498 2013; x_wconf 83' lang='lat' dir='ltr'><strong>afferunt</strong></span> <span class='ocrx_word' id='word_1_155' title='bbox 521 1946 693 2034; x_wconf 86' lang='lat' dir='ltr'><strong>exempla,</strong></span> <span class='ocrx_word' id='word_1_156' title='bbox 725 1957 803 2010; x_wconf 89' lang='lat' dir='ltr'><strong>sunt</strong></span> <span class='ocrx_word' id='word_1_157' title='bbox 824 1948 880 2011; x_wconf 88' lang='lat' dir='ltr'><strong>illa</strong></span> <span class='ocrx_word' id='word_1_158' title='bbox 901 1949 1099 2033; x_wconf 85' lang='lat' dir='ltr'><strong>Ciceronis,¹</strong></span> <span class='ocrx_word' id='word_1_159' title='bbox 1133 1952 1184 2019; x_wconf 77' lang='lat' dir='ltr'><strong>uss</strong></span> 
     </span>
     <span class='ocr_line' id='line_1_20' title="bbox 144 1974 1185 2120; baseline 0.001 -18"><span class='ocrx_word' id='word_1_160' title='bbox 144 2060 209 2102; x_wconf 91' lang='lat' dir='ltr'><strong>nos</strong></span> <span class='ocrx_word' id='word_1_161' title='bbox 224 2056 322 2120; x_wconf 83' lang='lat' dir='ltr'><strong>snpra</strong></span> <span class='ocrx_word' id='word_1_162' title='bbox 346 2033 517 2119; x_wconf 74' lang='lat' dir='ltr'>posuimus</span> <span class='ocrx_word' id='word_1_163' title='bbox 540 2041 572 2094; x_wconf 94' lang='lat' dir='ltr'><strong>et</strong></span> <span class='ocrx_word' id='word_1_164' title='bbox 592 2052 632 2095; x_wconf 74' lang='lat' dir='ltr'><strong>sn</strong></span> <span class='ocrx_word' id='word_1_165' title='bbox 655 2028 758 2117; x_wconf 83' lang='lat' dir='ltr'><strong>Epist.</strong></span> <span class='ocrx_word' id='word_1_166' title='bbox 782 2032 822 2094; x_wconf 84' lang='lat' dir='ltr'><strong>nd</strong></span> <span class='ocrx_word' id='word_1_167' title='bbox 844 2034 910 2096; x_wconf 83' lang='lat' dir='ltr'><strong>Aa.</strong></span> <span class='ocrx_word' id='word_1_168' title='bbox 926 2039 956 2113; x_wconf 87' lang='lat'><strong>6,</strong></span> <span class='ocrx_word' id='word_1_169' title='bbox 974 2038 1005 2098; x_wconf 85' lang='lat'><strong>6.</strong></span> <span class='ocrx_word' id='word_1_170' title='bbox 1027 1974 1185 2103; x_wconf 69' lang='lat' dir='ltr'><strong>oidelae</strong></span> 
     </span>
     <span class='ocr_line' id='line_1_21' title="bbox 146 2114 1186 2202; baseline 0.004 -19"><span class='ocrx_word' id='word_1_171' title='bbox 146 2141 333 2185; x_wconf 85' lang='lat' dir='ltr'><strong>sermones.-</strong></span> <span class='ocrx_word' id='word_1_172' title='bbox 354 2117 415 2180; x_wconf 83' lang='lat' dir='ltr'><strong>luri</strong></span> <span class='ocrx_word' id='word_1_173' title='bbox 419 2114 572 2202; x_wconf 82' lang='lat' dir='ltr'><strong>fratrem</strong></span> <span class='ocrx_word' id='word_1_174' title='bbox 585 2114 652 2179; x_wconf 83' lang='lat' dir='ltr'><strong>reli</strong></span> <span class='ocrx_word' id='word_1_175' title='bbox 671 2115 731 2178; x_wconf 80' lang='lat' dir='ltr'><strong>uit.</strong></span> <span class='ocrx_word' id='word_1_176' title='bbox 752 2114 811 2178; x_wconf 90' lang='lat' dir='ltr'><strong>nbi</strong></span> <span class='ocrx_word' id='word_1_177' title='bbox 830 2119 1063 2184; x_wconf 85' lang='lat' dir='ltr'><strong>tantummodo</strong></span> <span class='ocrx_word' id='word_1_178' title='bbox 1081 2120 1186 2187; x_wconf 81' lang='lat' dir='ltr'><strong>honri·</strong></span> 
     </span>
    </p>

    <p class='ocr_par' dir='ltr' id='par_1_7' title="bbox 56 2201 1210 2549">
     <span class='ocr_line' id='line_1_22' title="bbox 56 2201 1186 2292; baseline 0.003 -22"><span class='ocrx_word' id='word_1_179' title='bbox 56 2214 59 2221; x_wconf 89' lang='lat'>&#39;</span> <span class='ocrx_word' id='word_1_180' title='bbox 146 2226 205 2271; x_wconf 89' lang='lat' dir='ltr'><strong>nes</strong></span> <span class='ocrx_word' id='word_1_181' title='bbox 222 2204 377 2267; x_wconf 87' lang='lat' dir='ltr'><strong>dicuntur</strong></span> <span class='ocrx_word' id='word_1_182' title='bbox 397 2203 507 2265; x_wconf 88' lang='lat' dir='ltr'><strong>mirati</strong></span> <span class='ocrx_word' id='word_1_183' title='bbox 529 2220 638 2266; x_wconf 81' lang='lat' dir='ltr'><strong>esser</strong></span> <span class='ocrx_word' id='word_1_184' title='bbox 690 2220 767 2263; x_wconf 88' lang='lat' dir='ltr'><strong>oum</strong></span> <span class='ocrx_word' id='word_1_185' title='bbox 791 2201 932 2285; x_wconf 83' lang='lat' dir='ltr'><strong>quadam</strong></span> <span class='ocrx_word' id='word_1_186' title='bbox 955 2204 1186 2292; x_wconf 74' lang='lat' dir='ltr'><strong>indignationi,</strong></span> 
     </span>
     <span class='ocr_line' id='line_1_23' title="bbox 146 2285 1210 2379; baseline 0.006 -27"><span class='ocrx_word' id='word_1_187' title='bbox 146 2290 297 2354; x_wconf 85' lang='lat' dir='ltr'><strong>volsum</strong></span> <span class='ocrx_word' id='word_1_188' title='bbox 322 2285 543 2352; x_wconf 85' lang='lat' dir='ltr'><strong>miseratione.</strong></span> <span class='ocrx_word' id='word_1_189' title='bbox 595 2285 743 2351; x_wconf 81' lang='lat' dir='ltr'><strong>Terentii</strong></span> <span class='ocrx_word' id='word_1_190' title='bbox 773 2294 883 2351; x_wconf 87' lang='lat' dir='ltr'><strong>nutem</strong></span> <span class='ocrx_word' id='word_1_191' title='bbox 914 2290 1010 2353; x_wconf 83' lang='lat' dir='ltr'><strong>verbs</strong></span> <span class='ocrx_word' id='word_1_192' title='bbox 1043 2291 1210 2379; x_wconf 82' lang='lat' dir='ltr'><strong>ioqnittn·</strong></span> 
     </span>
     <span class='ocr_line' id='line_1_24' title="bbox 148 2370 1185 2458; baseline 0.007 -19"><span class='ocrx_word' id='word_1_193' title='bbox 148 2374 298 2454; x_wconf 77' lang='lat' dir='ltr'>Thraso,</span> <span class='ocrx_word' id='word_1_194' title='bbox 323 2371 568 2453; x_wconf 73' lang='lat' dir='ltr'><strong>obstupefactus</strong></span> <span class='ocrx_word' id='word_1_195' title='bbox 586 2370 627 2436; x_wconf 88' lang='lat' dir='ltr'><strong>de</strong></span> <span class='ocrx_word' id='word_1_196' title='bbox 642 2374 687 2435; x_wconf 88' lang='lat' dir='ltr'><strong>re&#39;</strong></span> <span class='ocrx_word' id='word_1_197' title='bbox 701 2370 755 2435; x_wconf 86' lang='lat' dir='ltr'><strong>vix</strong></span> <span class='ocrx_word' id='word_1_198' title='bbox 778 2371 944 2458; x_wconf 85' lang='lat' dir='ltr'><strong>credibili,</strong></span> <span class='ocrx_word' id='word_1_199' title='bbox 965 2395 1042 2441; x_wconf 89' lang='lat' dir='ltr'><strong>oum</strong></span> <span class='ocrx_word' id='word_1_200' title='bbox 1064 2377 1185 2445; x_wconf 83' lang='lat' dir='ltr'><strong>irrisio·</strong></span> 
     </span>
     <span class='ocr_line' id='line_1_25' title="bbox 141 2457 822 2549; baseline -0.009 -21"><span class='ocrx_word' id='word_1_201' title='bbox 141 2482 189 2529; x_wconf 77' lang='lat' dir='ltr'><strong>ne</strong></span> <span class='ocrx_word' id='word_1_202' title='bbox 208 2460 363 2549; x_wconf 79' lang='lat' dir='ltr'><strong>quadem.</strong></span> <span class='ocrx_word' id='word_1_203' title='bbox 405 2458 563 2523; x_wconf 85' lang='lat' dir='ltr'><strong>Germani</strong></span> <span class='ocrx_word' id='word_1_204' title='bbox 580 2457 695 2522; x_wconf 84' lang='lat' dir='ltr'><strong>dicunt</strong></span> <span class='ocrx_word' id='word_1_205' title='bbox 710 2457 753 2521; x_wconf 82' lang='lat' dir='ltr'><strong>uo</strong></span> <span class='ocrx_word' id='word_1_206' title='bbox 768 2457 822 2522; x_wconf 79' lang='lat' dir='ltr'><strong>luo.</strong></span> 
     </span>
    </p>
   </div>
   <div class='ocr_carea' id='block_1_7' title="bbox 146 2576 1210 2740">
    <p class='ocr_par' dir='ltr' id='par_1_8' title="bbox 146 2576 1210 2740">
     <span class='ocr_line' id='line_1_26' title="bbox 232 2576 1210 2663; baseline -0.007 -15"><span class='ocrx_word' id='word_1_207' title='bbox 232 2581 264 2648; x_wconf 83' lang='lat'><strong>5.</strong></span> <span class='ocrx_word' id='word_1_208' title='bbox 287 2578 325 2643; x_wconf 94' lang='lat' dir='ltr'><strong>ln</strong></span> <span class='ocrx_word' id='word_1_209' title='bbox 347 2576 482 2646; x_wconf 87' lang='lat' dir='ltr'><strong>Terent.</strong></span> <span class='ocrx_word' id='word_1_210' title='bbox 505 2576 638 2643; x_wconf 89' lang='lat' dir='ltr'><strong>Phorm.</strong></span> <span class='ocrx_word' id='word_1_211' title='bbox 655 2581 687 2656; x_wconf 87' lang='grc'><strong>4,</strong></span> <span class='ocrx_word' id='word_1_212' title='bbox 704 2581 736 2653; x_wconf 86' lang='grc'><strong>8,</strong></span> <span class='ocrx_word' id='word_1_213' title='bbox 754 2577 808 2641; x_wconf 84' lang='grc'><strong>68.</strong></span> <span class='ocrx_word' id='word_1_214' title='bbox 838 2576 919 2641; x_wconf 89' lang='lat' dir='ltr'><strong>olim</strong></span> <span class='ocrx_word' id='word_1_215' title='bbox 938 2576 1187 2663; x_wconf 72' lang='lat' dir='ltr'><strong>&#39;legebatur-&#39;&#39;oit</strong></span> <span class='ocrx_word' id='word_1_216' title='bbox 1206 2652 1210 2659; x_wconf 33' lang='grc' dir='ltr'>Ι</span> 
     </span>
     <span class='ocr_line' id='line_1_27' title="bbox 146 2661 1210 2740; baseline -0.018 3"><span class='ocrx_word' id='word_1_217' title='bbox 146 2666 227 2733; x_wconf 72' lang='lat' dir='ltr'><strong>lwt’!</strong></span> <span class='ocrx_word' id='word_1_218' title='bbox 264 2665 365 2740; x_wconf 72' lang='lat' dir='ltr'><strong>Nune</strong></span> <span class='ocrx_word' id='word_1_219' title='bbox 380 2683 460 2733; x_wconf 79' lang='lat' dir='ltr'><strong>vero</strong></span> <span class='ocrx_word' id='word_1_220' title='bbox 477 2685 520 2731; x_wconf 84' lang='lat' dir='ltr'><strong>ex</strong></span> <span class='ocrx_word' id='word_1_221' title='bbox 535 2662 673 2728; x_wconf 87' lang='lat' dir='ltr'><strong>Bentleii</strong></span> <span class='ocrx_word' id='word_1_222' title='bbox 693 2661 922 2727; x_wconf 88' lang='lat' dir='ltr'><strong>emendatione</strong></span> <span class='ocrx_word' id='word_1_223' title='bbox 937 2662 1014 2729; x_wconf 85' lang='lat' dir='ltr'><strong>eici.</strong></span> <span class='ocrx_word' id='word_1_224' title='bbox 1206 2686 1210 2697; x_wconf 93' lang='lat'>·</span> 
     </span>
    </p>
   </div>
   <div class='ocr_carea' id='block_1_8' title="bbox 584 2861 738 2948">
    <p class='ocr_par' dir='ltr' id='par_1_9' title="bbox 584 2861 738 2948">
     <span class='ocr_line' id='line_1_28' title="bbox 584 2861 738 2948; baseline 0 0"><span class='ocrx_word' id='word_1_225' title='bbox 584 2861 738 2948; x_wconf 78' lang='lat' dir='ltr'><strong>IAM.</strong></span> 
     </span>
    </p>
   </div>
   <div class='ocr_carea' id='block_1_9' title="bbox 143 3015 1211 4044">
    <p class='ocr_par' dir='ltr' id='par_1_10' title="bbox 143 3015 1211 4044">
     <span class='ocr_line' id='line_1_29' title="bbox 229 3015 1184 3107; baseline 0 -22"><span class='ocrx_word' id='word_1_226' title='bbox 229 3020 296 3085; x_wconf 89' lang='lat' dir='ltr'><strong>Inci</strong></span> <span class='ocrx_word' id='word_1_227' title='bbox 324 3020 356 3085; x_wconf 90' lang='lat' dir='ltr'><strong>io</strong></span> <span class='ocrx_word' id='word_1_228' title='bbox 375 3017 414 3084; x_wconf 92' lang='lat' dir='ltr'><strong>ab</strong></span> <span class='ocrx_word' id='word_1_229' title='bbox 431 3038 491 3098; x_wconf 92' lang='lat' dir='ltr'><strong>eo,</strong></span> <span class='ocrx_word' id='word_1_230' title='bbox 512 3015 601 3103; x_wconf 92' lang='lat' dir='ltr'><strong>quod</strong></span> <span class='ocrx_word' id='word_1_231' title='bbox 619 3015 654 3079; x_wconf 92' lang='lat' dir='ltr'><strong>in</strong></span> <span class='ocrx_word' id='word_1_232' title='bbox 669 3015 830 3103; x_wconf 86' lang='lat' dir='ltr'><strong>particula</strong></span> <span class='ocrx_word' id='word_1_233' title='bbox 848 3035 915 3084; x_wconf 75' lang='lat' dir='ltr'><strong>Inar</strong></span> <span class='ocrx_word' id='word_1_234' title='bbox 931 3019 1082 3107; x_wconf 85' lang='lat' dir='ltr'><strong>primurn</strong></span> <span class='ocrx_word' id='word_1_235' title='bbox 1107 3017 1184 3091; x_wconf 77' lang='lat' dir='ltr'><strong>ocu·</strong></span> 
     </span>
     <span class='ocr_line' id='line_1_30' title="bbox 145 3100 1184 3187; baseline -0.001 -15"><span class='ocrx_word' id='word_1_236' title='bbox 145 3104 186 3173; x_wconf 89' lang='lat' dir='ltr'><strong>lis</strong></span> <span class='ocrx_word' id='word_1_237' title='bbox 209 3129 244 3171; x_wconf 90' lang='lat' dir='ltr'><strong>se</strong></span> <span class='ocrx_word' id='word_1_238' title='bbox 264 3128 286 3171; x_wconf 92' lang='lat' dir='ltr'><strong>o</strong></span> <span class='ocrx_word' id='word_1_239' title='bbox 313 3115 380 3187; x_wconf 84' lang='lat' dir='ltr'><strong>ert,</strong></span> <span class='ocrx_word' id='word_1_240' title='bbox 400 3124 482 3168; x_wconf 90' lang='lat' dir='ltr'><strong>num</strong></span> <span class='ocrx_word' id='word_1_241' title='bbox 507 3101 522 3165; x_wconf 86' lang='lat' dir='ltr'><strong>i</strong></span> <span class='ocrx_word' id='word_1_242' title='bbox 546 3100 654 3166; x_wconf 86' lang='lat' dir='ltr'><strong>littera</strong></span> <span class='ocrx_word' id='word_1_243' title='bbox 684 3123 868 3168; x_wconf 81' lang='lat' dir='ltr'><strong>consonans</strong></span> <span class='ocrx_word' id='word_1_244' title='bbox 891 3105 952 3186; x_wconf 88' lang='lat' dir='ltr'><strong>sit,</strong></span> <span class='ocrx_word' id='word_1_245' title='bbox 984 3125 1026 3168; x_wconf 91' lang='lat' dir='ltr'><strong>an</strong></span> <span class='ocrx_word' id='word_1_246' title='bbox 1057 3104 1184 3173; x_wconf 72' lang='lat' dir='ltr'><strong>vocalis</strong></span> 
     </span>
     <span class='ocr_line' id='line_1_31' title="bbox 145 3178 1183 3274; baseline -0.003 -18"><span class='ocrx_word' id='word_1_247' title='bbox 145 3192 262 3257; x_wconf 89' lang='lat' dir='ltr'><strong>Poetae</strong></span> <span class='ocrx_word' id='word_1_248' title='bbox 286 3191 375 3256; x_wconf 88' lang='lat' dir='ltr'><strong>enirn</strong></span> <span class='ocrx_word' id='word_1_249' title='bbox 399 3188 584 3274; x_wconf 61' lang='lat' dir='ltr'><strong>inm&#39;pt&#39;r&#39;sl</strong></span> <span class='ocrx_word' id='word_1_250' title='bbox 605 3178 752 3253; x_wconf 81' lang='lat' dir='ltr'><strong>vocalem</strong></span> <span class='ocrx_word' id='word_1_251' title='bbox 776 3210 902 3274; x_wconf 88' lang='lat' dir='ltr'><strong>ponere</strong></span> <span class='ocrx_word' id='word_1_252' title='bbox 922 3178 1074 3255; x_wconf 69' lang='lat' dir='ltr'><strong>soteffdr&#39;st&#39;</strong></span> <span class='ocrx_word' id='word_1_253' title='bbox 1098 3210 1183 3257; x_wconf 90' lang='lat' dir='ltr'><strong>nuo</strong></span> 
     </span>
     <span class='ocr_line' id='line_1_32' title="bbox 143 3271 1182 3363; baseline -0.003 -21"><span class='ocrx_word' id='word_1_254' title='bbox 143 3275 238 3343; x_wconf 83' lang='lat' dir='ltr'><strong>hiatu</strong></span> <span class='ocrx_word' id='word_1_255' title='bbox 260 3287 393 3363; x_wconf 83' lang='lat' dir='ltr'><strong>sperto,</strong></span> <span class='ocrx_word' id='word_1_256' title='bbox 424 3273 522 3338; x_wconf 82' lang='lat' dir='ltr'><strong>veluti</strong></span> <span class='ocrx_word' id='word_1_257' title='bbox 550 3271 702 3337; x_wconf 90' lang='lat' dir='ltr'><strong>Tibullus</strong></span> <span class='ocrx_word' id='word_1_258' title='bbox 725 3271 809 3338; x_wconf 88' lang='lat' dir='ltr'><strong>dixit</strong></span> <span class='ocrx_word' id='word_1_259' title='bbox 833 3273 906 3339; x_wconf 80' lang='lat' dir='ltr'><strong>aidi</strong></span> <span class='ocrx_word' id='word_1_260' title='bbox 930 3274 1004 3338; x_wconf 88' lang='lat' dir='ltr'><strong>inm</strong></span> <span class='ocrx_word' id='word_1_261' title='bbox 1027 3275 1182 3351; x_wconf 78' lang='lat' dir='ltr'><strong>irsaenern,</strong></span> 
     </span>
     <span class='ocr_line' id='line_1_33' title="bbox 145 3356 1180 3448; baseline -0.001 -22"><span class='ocrx_word' id='word_1_262' title='bbox 145 3372 178 3426; x_wconf 88' lang='lat' dir='ltr'><strong>et</strong></span> <span class='ocrx_word' id='word_1_263' title='bbox 194 3382 291 3448; x_wconf 87' lang='lat' dir='ltr'><strong>saepe</strong></span> <span class='ocrx_word' id='word_1_264' title='bbox 306 3373 339 3425; x_wconf 85' lang='lat' dir='ltr'><strong>et</strong></span> <span class='ocrx_word' id='word_1_265' title='bbox 354 3360 426 3423; x_wconf 84' lang='lat' dir='ltr'><strong>inm</strong></span> <span class='ocrx_word' id='word_1_266' title='bbox 441 3379 504 3445; x_wconf 89' lang='lat' dir='ltr'><strong>pro</strong></span> <span class='ocrx_word' id='word_1_267' title='bbox 521 3356 672 3444; x_wconf 87' lang='lat' dir='ltr'><strong>spondeo</strong></span> <span class='ocrx_word' id='word_1_268' title='bbox 695 3369 890 3444; x_wconf 85' lang='lat' dir='ltr'><strong>posuerunt.</strong></span> <span class='ocrx_word' id='word_1_269' title='bbox 931 3358 1049 3446; x_wconf 86' lang='lat' dir='ltr'><strong>Virgil.</strong></span> <span class='ocrx_word' id='word_1_270' title='bbox 1064 3359 1136 3425; x_wconf 86' lang='lat' dir='ltr'><strong>Eoi.</strong></span> <span class='ocrx_word' id='word_1_271' title='bbox 1157 3366 1180 3437; x_wconf 88' lang='lat'><strong>1,</strong></span> 
     </span>
     <span class='ocr_line' id='line_1_34' title="bbox 144 3444 1183 3531; baseline -0.002 -19"><span class='ocrx_word' id='word_1_272' title='bbox 144 3450 198 3512; x_wconf 83' lang='lat'><strong>83.</strong></span> <span class='ocrx_word' id='word_1_273' title='bbox 220 3447 279 3513; x_wconf 88' lang='lat' dir='ltr'><strong>Ge.</strong></span> <span class='ocrx_word' id='word_1_274' title='bbox 303 3452 333 3523; x_wconf 79' lang='lat'><strong>2,</strong></span> <span class='ocrx_word' id='word_1_275' title='bbox 355 3446 429 3509; x_wconf 78' lang='lat'><strong>542.</strong></span> <span class='ocrx_word' id='word_1_276' title='bbox 481 3444 615 3531; x_wconf 86' lang='lat' dir='ltr'><strong>Saepius</strong></span> <span class='ocrx_word' id='word_1_277' title='bbox 652 3454 781 3524; x_wconf 87' lang='lat' dir='ltr'><strong>tamen,</strong></span> <span class='ocrx_word' id='word_1_278' title='bbox 816 3444 884 3522; x_wconf 87' lang='lat' dir='ltr'><strong>vel,</strong></span> <span class='ocrx_word' id='word_1_279' title='bbox 920 3453 956 3507; x_wconf 87' lang='lat' dir='ltr'><strong>ut</strong></span> <span class='ocrx_word' id='word_1_280' title='bbox 988 3445 1125 3529; x_wconf 83' lang='lat' dir='ltr'><strong>Lingius</strong></span> <span class='ocrx_word' id='word_1_281' title='bbox 1152 3446 1183 3509; x_wconf 86' lang='lat' dir='ltr'><strong>in</strong></span> 
     </span>
     <span class='ocr_line' id='line_1_35' title="bbox 146 3527 1182 3616; baseline -0.003 -21"><span class='ocrx_word' id='word_1_282' title='bbox 146 3533 281 3612; x_wconf 86' lang='lat' dir='ltr'><strong>Quaest.</strong></span> <span class='ocrx_word' id='word_1_283' title='bbox 296 3531 398 3596; x_wconf 82' lang='lat' dir='ltr'><strong>Plaut.</strong></span> <span class='ocrx_word' id='word_1_284' title='bbox 421 3552 455 3616; x_wconf 89' lang='lat' dir='ltr'><strong>p.</strong></span> <span class='ocrx_word' id='word_1_285' title='bbox 472 3533 524 3593; x_wconf 88' lang='grc'><strong>68.</strong></span> <span class='ocrx_word' id='word_1_286' title='bbox 546 3527 709 3611; x_wconf 85' lang='lat' dir='ltr'><strong>aflirmnt,</strong></span> <span class='ocrx_word' id='word_1_287' title='bbox 728 3551 859 3614; x_wconf 85' lang='lat' dir='ltr'><strong>semper</strong></span> <span class='ocrx_word' id='word_1_288' title='bbox 877 3550 966 3592; x_wconf 81' lang='lat' dir='ltr'><strong>nunc</strong></span> <span class='ocrx_word' id='word_1_289' title='bbox 984 3529 1058 3593; x_wconf 84' lang='lat' dir='ltr'><strong>inm</strong></span> <span class='ocrx_word' id='word_1_290' title='bbox 1082 3529 1182 3595; x_wconf 89' lang='lat' dir='ltr'><strong>tribus</strong></span> 
     </span>
     <span class='ocr_line' id='line_1_36' title="bbox 143 3612 1182 3766; baseline -0.002 -86"><span class='ocrx_word' id='word_1_291' title='bbox 143 3616 278 3766; x_wconf 62' lang='lat' dir='ltr'><strong>pyllallpis</strong></span> <span class='ocrx_word' id='word_1_292' title='bbox 304 3624 527 3762; x_wconf 50' lang='lat' dir='ltr'><strong>usurpatuplva</strong></span> <span class='ocrx_word' id='word_1_293' title='bbox 558 3615 717 3763; x_wconf 56' lang='lat' dir='ltr'><strong>semipes</strong></span> <span class='ocrx_word' id='word_1_294' title='bbox 751 3612 1078 3764; x_wconf 58' lang='lat' dir='ltr'><strong>Vid.1gcnligpp2deB</strong></span> <span class='ocrx_word' id='word_1_295' title='bbox 1092 3615 1182 3763; x_wconf 68' lang='lat' dir='ltr'><strong>Calos.</strong></span> 
     </span>
     <span class='ocr_line' id='line_1_37' title="bbox 146 3707 1184 3870; baseline -0.003 -18"><span class='ocrx_word' id='word_1_296' title='bbox 146 3710 200 3852; x_wconf 46' lang='lat' dir='ltr'><strong>dd·</strong></span> <span class='ocrx_word' id='word_1_297' title='bbox 210 3709 358 3851; x_wconf 57' lang='lat' dir='ltr'><strong>Tldrgentl&#39;</strong></span> <span class='ocrx_word' id='word_1_298' title='bbox 370 3707 472 3849; x_wconf 69' lang='lat' dir='ltr'><strong>riddr.</strong></span> <span class='ocrx_word' id='word_1_299' title='bbox 501 3723 544 3866; x_wconf 48' lang='lat'><strong>1³5</strong></span> <span class='ocrx_word' id='word_1_300' title='bbox 547 3720 681 3860; x_wconf 50' lang='grc' dir='ltr'><strong>31ΠΪ81446.</strong></span> <span class='ocrx_word' id='word_1_301' title='bbox 704 3710 1184 3870; x_wconf 43' lang='lat' dir='ltr'><strong>nllurdesuntpexeniplaeliirdi</strong></span> 
     </span>
     <span class='ocr_line' id='line_1_38' title="bbox 143 3868 1211 3957; baseline -0.007 -23"><span class='ocrx_word' id='word_1_302' title='bbox 143 3871 238 3957; x_wconf 87' lang='lat' dir='ltr'><strong>plicis</strong></span> <span class='ocrx_word' id='word_1_303' title='bbox 261 3873 334 3936; x_wconf 85' lang='lat' dir='ltr'><strong>iam</strong></span> <span class='ocrx_word' id='word_1_304' title='bbox 354 3868 517 3956; x_wconf 86' lang='lat' dir='ltr'><strong>bisyllabi.</strong></span> <span class='ocrx_word' id='word_1_305' title='bbox 565 3869 624 3932; x_wconf 89' lang='lat' dir='ltr'><strong>Vd.</strong></span> <span class='ocrx_word' id='word_1_306' title='bbox 648 3869 751 3934; x_wconf 86' lang='lat' dir='ltr'><strong>Plaut.</strong></span> <span class='ocrx_word' id='word_1_307' title='bbox 770 3869 868 3934; x_wconf 85' lang='lat' dir='ltr'><strong>Most.</strong></span> <span class='ocrx_word' id='word_1_308' title='bbox 892 3876 919 3942; x_wconf 83' lang='lat'><strong>1,</strong></span> <span class='ocrx_word' id='word_1_309' title='bbox 944 3871 976 3948; x_wconf 81' lang='lat'><strong>4,</strong></span> <span class='ocrx_word' id='word_1_310' title='bbox 1001 3875 1055 3934; x_wconf 79' lang='lat'><strong>24.</strong></span> <span class='ocrx_word' id='word_1_311' title='bbox 1097 3870 1211 3934; x_wconf 78' lang='lat' dir='ltr'><strong>Nomi</strong></span> 
     </span>
     <span class='ocr_line' id='line_1_39' title="bbox 144 3952 1185 4044; baseline 0.003 -27"><span class='ocrx_word' id='word_1_312' title='bbox 144 3978 248 4044; x_wconf 88' lang='lat' dir='ltr'><strong>quum</strong></span> <span class='ocrx_word' id='word_1_313' title='bbox 265 3956 507 4043; x_wconf 86' lang='lat' dir='ltr'><strong>antiquissimae</strong></span> <span class='ocrx_word' id='word_1_314' title='bbox 522 3954 650 4039; x_wconf 76' lang='lat' dir='ltr'><strong>linguae</strong></span> <span class='ocrx_word' id='word_1_315' title='bbox 667 3975 730 4017; x_wconf 86' lang='lat' dir='ltr'><strong>una</strong></span> <span class='ocrx_word' id='word_1_316' title='bbox 745 3954 850 4018; x_wconf 89' lang='lat' dir='ltr'><strong>littera</strong></span> <span class='ocrx_word' id='word_1_317' title='bbox 869 3953 1029 4034; x_wconf 84' lang='lat' dir='ltr'><strong>ifuisset,</strong></span> <span class='ocrx_word' id='word_1_318' title='bbox 1048 3952 1121 4019; x_wconf 85' lang='lat' dir='ltr'><strong>fieri</strong></span> <span class='ocrx_word' id='word_1_319' title='bbox 1137 3965 1185 4019; x_wconf 86' lang='lat' dir='ltr'><strong>ts·</strong></span> 
     </span>
    </p>
   </div>
   <div class='ocr_carea' id='block_1_10' title="bbox 142 4037 1186 4131">
    <p class='ocr_par' dir='ltr' id='par_1_11' title="bbox 142 4037 1186 4131">
     <span class='ocr_line' id='line_1_40' title="bbox 142 4037 1186 4131; baseline -0.003 -23"><span class='ocrx_word' id='word_1_320' title='bbox 142 4064 222 4109; x_wconf 90' lang='lat' dir='ltr'><strong>men</strong></span> <span class='ocrx_word' id='word_1_321' title='bbox 237 4052 386 4131; x_wconf 80' lang='lat' dir='ltr'><strong>poteret,</strong></span> <span class='ocrx_word' id='word_1_322' title='bbox 402 4052 439 4105; x_wconf 84' lang='lat' dir='ltr'><strong>ut</strong></span> <span class='ocrx_word' id='word_1_323' title='bbox 454 4039 620 4126; x_wconf 88' lang='lat' dir='ltr'><strong>obliquata</strong></span> <span class='ocrx_word' id='word_1_324' title='bbox 629 4040 898 4127; x_wconf 87' lang='lat' dir='ltr'><strong>pronuntiatione</strong></span> <span class='ocrx_word' id='word_1_325' title='bbox 913 4037 1034 4105; x_wconf 83' lang='lat' dir='ltr'><strong>vocalis</strong></span> <span class='ocrx_word' id='word_1_326' title='bbox 1053 4039 1087 4105; x_wconf 92' lang='lat' dir='ltr'><strong>in</strong></span> <span class='ocrx_word' id='word_1_327' title='bbox 1101 4060 1186 4106; x_wconf 86' lang='lat' dir='ltr'><strong>oon-</strong></span> 
     </span>
    </p>
   </div>
   <div class='ocr_carea' id='block_1_11' title="bbox 0 0 1337 4770">
    <p class='ocr_par' dir='ltr' id='par_1_12' title="bbox 0 0 1337 4770">
     <span class='ocr_line' id='line_1_41' title="bbox 0 0 1337 4770; baseline 0 0"><span class='ocrx_word' id='word_1_328' title='bbox 0 0 1337 4770; x_wconf 95' lang='lat' dir='ltr'><strong> </strong></span> 
     </span>
    </p>
   </div>
  </div>
 </body>
</html>
