2632 4770
225 279 287 341 176
615 262 875 333 IDENTIDEM.

288 424 381 480 oaotrie
392 438 444 476 non
458 425 608 473 aoerurnnt
620 420 706 472 oolam
719 420 747 473 in
754 424 857 489 sogam
869 418 977 482 domem,
991 416 1037 471 rad
1051 418 1107 469 etc·
1125 411 1172 480 46,
1185 412 1233 481 56,
1245 415 1271 470 t.

289 527 370 579 prum
382 507 522 559 identidem
537 505 629 575 opeoiee
644 512 670 557 et
679 507 788 558 ammae
803 504 910 556 intortio
923 502 1050 554 interemti
1057 500 1117 568 flur·
1125 502 1272 571 agitarem

288 591 322 658 4,
341 589 433 655 26,8.
458 590 523 641 vide
546 590 684 643 Ilealroab.
706 590 744 643 ed
762 584 904 653 8,28‚tt.
929 584 1001 639 Plin.
1022 584 1108 653 Epion
1122 583 1160 651 5,
1176 582 1212 651 6,
1227 583 1271 639 42.

291 673 407 746 Quintil.
427 671 453 739 6,
468 674 495 737 6,
509 672 554 726 49.
571 692 650 743 mum
669 700 703 714 -
719 673 861 727 identidem
875 671 1066 738 interrogaret,
1090 686 1142 738 quo
1158 677 1271 739 temporo

288 762 394 815 Clodiae
404 759 504 811 aanor
517 767 595 823 emet,
616 758 765 828 remmon,
781 774 846 810 omo.
878 754 951 808 Plio.
968 751 1055 821 Epist.
1074 751 1103 818 ὃ,
1118 751 1145 818 9,
1156 752 1203 806 21.
1225 772 1270 807 no·

288 847 334 899 lito
356 860 423 913 ergo
443 844 580 895 &miden
602 859 740 911 ponerem,
765 843 829 910 prid
852 841 950 893 Romae
968 845 1090 909 geratur.
1123 834 1270 905 1,1t,t.

287 931 357 984 Pan.
372 925 423 993 66,
438 926 464 979 1.
481 928 654 995 nequeenim
666 934 694 979 nt
715 926 743 978 in
763 924 849 977 eterili
860 925 997 992 ieirmopne
1019 923 1133 975 materia
1153 924 1269 977 eamden

285 1008 395 1083 rpeeien
419 1011 508 1064 leodio
525 1011 647 1065 didnoere
665 1026 699 1065 ao
721 1024 866 1081 margero,
895 1017 975 1078 moneo
993 1000 1133 1065 identidem
1153 1013 1268 1062 mommo

288 1098 415 1153 Mune.

322 1195 495 1251 Pmooertim
515 1197 601 1249 verba
613 1195 744 1249 monendi
760 1195 959 1264 coniunguntur
971 1210 1035 1247 enm
1056 1190 1111 1247 line
1127 1192 1269 1262 partiente.

288 1282 348 1337 cle.
361 1300 388 1351 p.
404 1283 485 1335 Rom.
504 1282 565 1335 Am.
583 1279 627 1346 88,
644 1282 702 1334 110.
718 1280 849 1334 Prienen·
865 1282 900 1334 ad
915 1278 1105 1348 Apuledllet.
1116 1278 1144 1332 5.
1165 1296 1192 1347 p.
1209 1278 1266 1333 85.

325 1384 384 1438 cte.
400 1384 434 1437 do
448 1382 509 1438 ttae
523 1385 553 1436 d.
567 1383 595 1449 2,
614 1382 733 1450 56142.
759 1386 836 1453 idque
854 1384 984 1453 providit,
1008 1389 1039 1435 nt
1059 1384 1201 1435 identidem
1207 1381 1268 1451 plari
1303 1386 1306 1391 '

285 1478 372 1543 portet
387 1488 444 1522 onm
459 1470 575 1522 marimo
590 1470 727 1523 eeleritate.
763 1469 797 1521 de
812 1469 871 1521 lnv.
886 1468 918 1534 2,
930 1466 983 1533 26,
998 1465 1041 1520 ts.
1063 1467 1086 1519 io
1105 1468 1267 1521 animadver-

286 1556 323 1610 tit
334 1570 447 1606 roronem
463 1571 536 1606 eoam
551 1554 583 1606 de
591 1557 711 1621 fratrum
724 1562 803 1608 morte
817 1572 867 1606 non
883 1555 1057 1617 laborantem,
1077 1552 1168 1621 sponsi
1184 1560 1267 1605 onum

290 1656 384 1693 nomen
400 1640 575 1706 appellantem
590 1639 729 1691 identidem
749 1639 861 1691 Curiatii
873 1654 931 1691 eum
946 1638 1048 1707 gemilu
1064 1644 1089 1690 et
1104 1638 1266 1691 lomerotatio-

288 1742 330 1777 me.
365 1720 479 1789 Quintil.
490 1721 520 1786 6,
535 1721 562 1787 3,
580 1720 622 1774 86.
643 1740 722 1790 quom
737 1749 768 1762 -·
791 1723 902 1775 instaret
921 1723 1059 1774 identidem
1076 1728 1212 1774 emanator
1226 1722 1263 1773 eir

287 1810 348 1872 dio,
365 1808 403 1859 M.
423 1806 509 1870 Tulli,
525 1807 650 1873 namquid
658 1813 733 1875 poteo
746 1806 779 1858 de
794 1806 853 1858 Ser.
870 1804 991 1857 Annali?
1021 1804 1135 1858 Sueton.
1150 1805 1265 1859 Nomii.

288 1891 415 1945 inoedmti
430 1890 528 1957 panim
549 1891 670 1943 oiotimoe
684 1908 784 1955 ooeooe,
801 1906 893 1957 rporoo
906 1906 953 1957 per
968 1889 1025 1941 aiae
1033 1892 1174 1943 identidem
1186 1910 1265 1945 anor.

285 1975 438 2029 Plio.an
454 1971 496 2035 64,
511 1973 536 2025 2.
555 1974 694 2028 identidem
709 1993 766 2037 me,
787 1992 822 2025 on
834 1972 978 2036 audierim,
996 1992 1030 2025 on
1045 1976 1165 2038 viderim,
1185 1977 1265 2028 inter-

288 2075 363 2128 rogo.
396 2057 483 2125 Epist.
503 2055 537 2120 6,
553 2056 587 2122 i,
603 2059 629 2111 2.
661 2060 769 2111 inoioem
787 2076 837 2127 ego
856 2058 978 2127 epistolar
1000 2065 1061 2110 tna:
1083 2060 1170 2113 lectito
1191 2069 1265 2130 atque

284 2143 422 2195 identidem
432 2143 464 2193 in
478 2159 571 2195 manno
584 2145 658 2210 qnasi
673 2160 755 2195 novae
772 2160 852 2195 nomo.
886 2140 913 2209 6,
927 2140 971 2208 26,
988 2139 1029 2194 16.

302 2298 333 2357 2.
357 2294 470 2373 Quum
486 2292 627 2393 id,qnod
644 2316 742 2380 saepo
757 2293 986 2381 trequenterve
1000 2292 1048 2371 fir,
1067 2296 1266 2363 continuum

218 2378 385 2457 videatur,
419 2379 536 2441 dieitur
566 2379 754 2445 identidem
774 2380 815 2444 de
839 2404 898 2461 eo,
923 2380 1011 2466 quod
1036 2382 1196 2445 continuo
1219 2382 1265 2464 fit,

217 2487 278 2530 nec
313 2465 548 2532 intermittitur.
611 2464 735 2530 idcireo
766 2467 800 2529 in
832 2467 870 2529 iis
909 2467 1047 2552 proprie
1075 2479 1264 2554 usurpetur,

219 2550 354 2637 quibos,
385 2573 427 2614 ne
452 2550 532 2636 quid
556 2559 709 2617 omittant
735 2562 789 2617 aut
809 2542 1047 2627 intermittant,
1079 2551 1161 2615 elios
1189 2577 1266 2619 mo-

217 2658 346 2703 nemus.
1025 2652 1028 2657 '

320 2753 419 2807 Accius
434 2751 504 2820 apud
521 2753 575 2806 cte.
592 2755 673 2806 Tuse.
689 2755 722 2818 3,
740 2755 791 2818 26,
811 2752 853 2806 62.
875 2754 996 2809 ocindeno.
1015 2757 1102 2807 doloro
1125 2757 1266 2813 identidem

285 2839 410 2892 intonsam
425 2857 533 2892 romam.
569 2840 666 2889 catull.
682 2836 724 2902 51,
740 2837 765 2888 3.
783 2841 828 2905 poi
848 2842 934 2890 sedens
948 2842 1070 2892 odoereno
1084 2840 1227 2894 identidem
1241 2852 1267 2896 te

283 2930 378 2993 specim
395 2930 420 2975 et
439 2923 516 2974 ondit
538 2920 610 2972 dolce
629 2923 761 2973 ridentem.
796 2922 887 2974 Plani.
902 2924 1004 2974 Bacch.
1019 2924 1053 2990 3,
1067 2923 1102 2988 3,
1118 2922 1161 2977 t5.
1190 2929 1264 2981 nullo

280 3015 359 3078 poeto
374 3024 416 3059 ree
430 3006 559 3057 mandata
576 3012 660 3073 potest
674 3007 722 3074 ogi
730 3043 738 3071 ,
754 3006 806 3057 nisi
823 3008 958 3060 identidem
973 3024 1065 3059 manns
1073 3013 1146 3075 serat
1161 3013 1199 3063 od
1210 3030 1264 3080 pa-

282 3092 375 3160 pillas,
402 3090 478 3140 labro
492 3107 509 3139 a
532 3090 612 3140 labris
635 3107 760 3158 nosquam
783 3091 907 3158 auferat?
942 3092 1025 3144 Truc.
1039 3090 1074 3157 4,
1092 3092 1126 3156 2,
1144 3092 1190 3147 25.
1207 3115 1264 3151 rem

284 3175 400 3240 accipere
415 3172 563 3225 identidem.
598 3172 655 3225 cio.
679 3174 712 3224 de
732 3171 792 3226 Fin.
807 3175 839 3240 2,
855 3173 904 3240 23,
917 3173 961 3226 75.
980 3177 1026 3227 lioo
1040 3179 1109 3228 enim
1124 3179 1264 3233 identidem

283 3258 377 3319 dicitis,
397 3274 448 3308 non
465 3258 612 3326 intelligere
625 3275 670 3309 noo
683 3258 840 3325 voluptatem
861 3275 939 3327 qoam
962 3261 1061 3311 dicatis.
1096 3261 1130 3312 de
1146 3264 1209 3316 Nat.
1234 3267 1262 3317 d.

282 3340 310 3405 3,
325 3341 369 3404 16,
382 3337 426 3391 24.
443 3342 504 3408 qnid
521 3340 659 3392 chalcidico
675 3343 762 3412 euripo
779 3344 806 3395 in
827 3351 896 3394 motu
919 3344 1058 3396 identidem
1077 3348 1262 3415 reciprocando

280 3435 357 3496 potos
368 3425 432 3489 fieri
442 3444 515 3494 porse
531 3427 711 3479 constantino?

326 3527 439 3579 Rhetor.
465 3529 500 3580 ad
517 3529 639 3580 Ilerenn.
656 3524 690 3592 4,
708 3523 758 3591 56,
779 3524 821 3579 69.
846 3545 912 3579 nono
930 3529 1070 3581 identidem
1090 3542 1188 3586 nosmet
1210 3535 1262 3604 ipsi

282 3611 353 3661 nolio
368 3612 495 3665 instemus.
529 3614 581 3664 Ilm
600 3613 667 3663 enim
687 3613 824 3663 communis
840 3613 940 3680 agitor,
953 3623 981 3665 nt
992 3620 1143 3682 frequenter
1152 3625 1178 3668 et
1194 3620 1260 3669 aesi-

280 3694 331 3744 doe
353 3694 534 3762 consequamur
561 3697 624 3746 artis
655 3698 782 3747 rationem
804 3698 888 3747 studio
911 3704 934 3748 et
959 3698 1147 3750 exercitatione.
1188 3702 1259 3752 Plio.

282 3776 350 3829 Pan.
365 3775 390 3843 2,
412 3776 438 3829 5.
456 3778 629 3847 intelligamus
643 3797 707 3848 ergo
723 3781 789 3831 dona
803 3788 902 3845 nostra,
923 3782 1062 3850 dignosque
1076 3800 1122 3834 noo
1139 3786 1192 3836 illis
1211 3804 1260 3840 nen

276 3863 413 3929 probemus
444 3870 520 3929 otqoe
545 3863 685 3916 identidem
713 3866 869 3933 cogitemus,
900 3868 1029 3931 quamsit
1052 3868 1209 3938 indignam,
1235 3873 1259 3924 oi

281 3947 366 3997 maius
382 3947 542 4015 principibus
555 3955 712 4016 praestemus
726 3950 878 4016 obsequium.

324 4045 412 4102 Plano.
432 4048 493 4100 Mil.
515 4046 547 4112 4,
568 4046 602 4113 8,
625 4047 669 4102 54.
695 4052 815 4119 cogitato
831 4053 981 4117 identidem,
1007 4052 1051 4105 tibi
1069 4072 1148 4121 qnam
1166 4057 1257 4121 fidelis
