2654 4770
231 276 268 333 10

414 178 431 213 4

625 264 867 336 HACTENVS.

296 424 324 477 in
340 424 499 490 scriptorum
507 432 557 473 mu
570 418 765 485 diversitatem,
784 439 834 473 nec
848 425 973 475 naturam
989 438 1020 474 ac
1038 422 1157 474 rationes
1172 422 1275 476 dictio-

295 510 337 562 nis
360 508 424 560 satia
447 504 702 558 animadverterunt.
742 508 880 574 Tempora
897 507 1059 575 scriptorum
1076 507 1132 558 iam
1146 507 1273 561 vorstius

295 593 328 645 de
343 592 403 641 Lat.
424 582 490 639 mer.
515 604 585 655 susp.
606 589 649 641 18.
670 609 695 656 p.
711 590 770 644 157.
794 592 961 644 distinxerat.
1007 591 1153 643 Goclcnius
1177 597 1273 644 cratem
1290 609 1293 614 ·

291 678 321 729 in
336 671 453 725 secunda
469 671 586 724 editione
605 674 730 730 Analect.
745 676 820 741 11‚2,
834 676 878 729 22.
894 676 1048 739 „bucteaae,
1066 674 1170 741 inquit,
1187 676 1222 727 dc
1238 694 1270 727 re

294 766 322 811 et
335 760 394 809 loco
414 755 524 822 proprie
541 764 702 824 usurpatur,
732 776 781 826 per
804 761 948 827 enallagen
968 775 1035 809 vero
1057 758 1267 826 significationis

294 839 378 893 etiarn
393 841 428 893 dc
443 848 563 908 tempore
580 859 641 893 cum
657 842 819 895 doctissimis
842 842 999 910 scaligero,
1017 843 1130 894 Eraamo
1148 843 1266 911 aliisquo

293 942 425 992 usurpare
441 924 534 977 licat.“
574 925 727 979 Pincicrius
750 925 780 978 in
804 927 919 993 Parerg.
946 926 996 978 otii
1017 942 1157 995 marpurg.
1181 927 1266 990 ala.

293 1010 398 1078 aliquot
420 1009 554 1062 versibus.
568 1009 680 1078 l'irgilii
710 1009 965 1065 demonstrationem
994 1011 1136 1063 absolvere
1162 1011 1266 1065 trustra

294 1102 404 1150 conatus
423 1100 471 1145 cst.
556 1132 559 1137 -

326 1195 417 1249 Tacit.
432 1195 497 1262 Agr.
513 1193 555 1246 1⁰.
578 1196 738 1247 bracaram
759 1195 891 1246 neobeimi
909 1197 991 1247 maris
1010 1203 1067 1247 tanc
1086 1199 1200 1266 primam
1222 1214 1266 1249 ro-

295 1300 373 1336 mana
390 1281 477 1331 classis
491 1279 669 1340 circumvecta,
685 1278 795 1329 iamiam
813 1295 863 1331 erac
879 1279 1046 1331 Britanniam
1061 1282 1217 1346 affirmavit,
1234 1299 1267 1332 cc

294 1367 369 1418 simul
384 1363 531 1431 incognitae
547 1362 581 1412 od
599 1361 629 1411 id
642 1367 740 1429 tempta
754 1362 865 1425 incatur,
897 1380 958 1429 quar
974 1364 1088 1416 Orcadas
1101 1372 1206 1429 vocoat,
1224 1367 1267 1416 iu-

293 1452 364 1504 acnit
378 1448 529 1512 domuitque.
571 1446 691 1512 Diapecta
719 1452 756 1498 cet
769 1453 795 1498 et
812 1447 911 1510 lbale,
936 1462 1012 1513 qaam
1035 1448 1155 1500 bactcnas
1176 1450 1219 1500 aia
1240 1459 1267 1502 et

295 1536 374 1586 biems
393 1529 545 1601 appetebat:
572 1528 617 1579 aed
633 1546 706 1581 marc
720 1529 828 1599 pigram
842 1537 868 1582 ct
883 1547 966 1598 grave
978 1532 1162 1601 migrantibus
1173 1536 1266 1601 perbi-

295 1621 352 1671 bcat
372 1634 404 1666 ae
425 1614 502 1665 carrlia
519 1612 620 1681 quidem
632 1614 739 1681 proinde
758 1614 849 1664 auelli.
884 1616 957 1681 Quot
971 1623 1077 1668 exstant
1091 1615 1118 1667 in
1133 1617 1187 1668 lroc
1203 1636 1264 1670 cor-

229 1730 232 1735 ·
294 1706 373 1768 rupto
387 1699 448 1750 loco
465 1695 680 1760 emendationes,
705 1701 745 1749 tot
761 1696 831 1748 mibi
846 1696 972 1751 videntur
990 1716 1048 1750 csse
1063 1717 1170 1752 errores
1185 1700 1263 1754 criti-

297 1803 346 1838 cae
369 1782 443 1836 artis.
482 1780 539 1833 illii
555 1779 627 1831 enim
648 1796 702 1830 non
718 1787 892 1848 reputarunt,
912 1784 976 1850 qnid
995 1790 1089 1836 auctor
1103 1784 1196 1836 dicere
1214 1803 1264 1852 po-

294 1868 378 1922 tuerit
399 1873 446 1918 aut
465 1863 605 1926 debuerit,
631 1863 684 1914 ali'r
694 1880 746 1914 non
763 1865 900 1933 cognitam
914 1868 1068 1921 babuerunt
1082 1868 1264 1936 significatio-

295 1969 358 2005 nem
373 1948 583 2013 vocabalorum,
608 1946 669 1998 aliis
690 1948 806 2016 denique
823 1955 961 2002 contortae
983 1952 1134 2005 sententiaa
1152 1954 1263 2020 placue-

296 2040 367 2088 runt.
405 2034 438 2084 ln
460 2031 586 2083 llbenani
608 2031 794 2084 ernendationo
818 2035 926 2087 abdebat
946 2037 1091 2088 altsardum
1109 2037 1180 2089 inest
1191 2039 1263 2091 bocr

290 2120 383 2173 nivern
398 2134 482 2184 usquc
498 2115 633 2167 abdidisse
647 2115 771 2181 insulam,
789 2117 852 2169 dum
864 2136 977 2172 romana
988 2121 1080 2174 clareia
1091 2121 1261 2176 advenisset:

290 2220 378 2271 nequa
393 2204 515 2254 imotenus
535 2200 670 2269 significat
688 2202 724 2253 ad
745 2203 772 2253 id
795 2208 912 2271 tempus,
940 2204 987 2255 sed
1007 2207 1043 2258 ad
1061 2222 1117 2257 eam
1139 2210 1264 2274 temporis

290 2289 440 2342 terminum.-
473 2292 501 2336 ct
527 2287 650 2351 exempla
671 2301 688 2336 a
708 2286 833 2338 Wulchio
854 2294 1011 2355 comparata
1039 2289 1118 2341 valde
1146 2291 1180 2341 ab
1206 2292 1262 2342 bac

291 2372 401 2428 notione
419 2370 554 2422 ditl'ernnt.
588 2369 730 2422 Bellorus
742 2374 769 2421 ct
785 2369 843 2436 alii,
864 2371 910 2438 qui
921 2381 1036 2440 appctcre
1050 2390 1097 2440 pro
1113 2389 1259 2440 occupare,

288 2455 441 2526 possidere,
476 2453 628 2521 accipiunt,
664 2452 809 2520 pessimam
848 2455 979 2509 adhibent
1008 2458 1261 2524 interpretationem

218 2534 221 2541 ’
288 2541 441 2605 vocabulo,
472 2538 543 2606 qnod
570 2537 720 2606 occupandi
750 2537 903 2606 cupidinem
925 2539 1060 2607 exprimit.
1089 2543 1259 2617 ultitimum,

291 2625 338 2694 qui
354 2612 470 2694 appetere
486 2622 553 2674 dicit
568 2638 627 2674 esse
642 2622 779 2675 hostiliter
789 2623 937 2688 accedere,
955 2631 982 2676 ct
996 2625 1087 2679 reddit
1101 2629 1261 2681 seutentiam

290 2712 347 2764 im:
368 2706 477 2760 erbliclrt
494 2707 580 2756 warde
597 2708 664 2757 oacb
677 2707 781 2770 Thale,
804 2709 922 2761 medebam
934 2709 1019 2761 biaber
1033 2728 1082 2761 aar
1096 2714 1193 2766 Salinae
1207 2717 1260 2766 arrd

291 2795 473 2847 Wintcretarm
492 2789 680 2853 richseiadticlt
691 2791 825 2853 aibertcn,
842 2808 923 2845 nemo
936 2792 1069 2846 laudabit.
1104 2797 1175 2862 Quis
1186 2797 1261 2849 enim

290 2880 331 2931 ita
350 2874 491 2943 loquitari
517 2874 552 2923 Et
575 2871 686 2924 ubinam
707 2873 736 2924 in
758 2873 850 2927 latinis
869 2874 938 2929 illud
959 2878 1037 2929 auri·
1058 2881 1137 2947 Apud
1150 2881 1260 2934 livium

289 2969 380 3017 autem
387 2959 412 3024 5,
422 2955 701 3022 lb‚1.famoicuomr
711 2960 721 3007 l
727 2958 784 3011 ‘dm
791 2967 911 3028 oppetere
921 2976 975 3013 uon
988 2961 1044 3014 alia
1052 2963 1260 3031 rationc‚-quam

289 3066 344 3117 qua
358 3045 472 3098 dicimus
485 3046 593 3092 noctem
607 3041 653 3090 vel
666 3040 786 3094 hiemem
800 3049 937 3112 appetere.
971 3045 1120 3115 Sellingias
1137 3049 1260 3101 mirabili

288 3131 370 3185 modo
385 3131 511 3179 hactenus
532 3123 664 3190 explicuit
683 3127 750 3177 nibil
770 3128 843 3180 aliud
865 3147 957 3196 qaam,
985 3130 1055 3197 quod
1076 3147 1185 3197 prorsus
1208 3135 1258 3185 ab·

287 3217 383 3269 bornat
405 3211 439 3261 ab
461 3208 521 3275 ipsa
542 3207 693 3275 particulae
715 3214 819 3265 natura.
855 3212 910 3265 Sed
931 3213 1131 3268 Lindemanuus
1154 3232 1258 3281 veram,

288 3306 319 3351 ut
338 3296 391 3358 ait,
423 3289 516 3343 Taciti
544 3305 654 3343 tunnam
676 3293 830 3348 restituiaso
855 3296 907 3348 sibi
935 3298 1008 3349 visus
1035 3305 1075 3352 est
1096 3300 1258 3354 scribendo:

188 3448 191 3455 ἡ
287 3397 366 3449 quam
388 3379 509 3428 bactcaae
525 3376 570 3427 aia
592 3384 615 3428 ct
638 3378 717 3429 biems
736 3380 874 3446 aperiebat.
918 3381 949 3433 ld
971 3398 1029 3434 csse
1052 3384 1134 3437 dicit:
1161 3385 1207 3438 nix
1231 3393 1260 3440 et

285 3464 375 3517 biems
397 3459 476 3520 iecit,
505 3465 535 3510 ut
556 3460 747 3529 navigantibus
769 3470 913 3531 appareret
928 3465 1017 3518 insula
1033 3468 1067 3518 nd
1084 3470 1157 3520 hunc
1172 3487 1259 3538 usque

286 3550 386 3601 locum.
420 3542 553 3611 Equidem
567 3543 667 3617 iterum
684 3563 802 3615 quaero,
821 3547 881 3615 quis
898 3547 937 3601 ita
952 3550 1101 3617 loquatur?
1135 3554 1192 3606 ll'ec
1216 3554 1259 3607 in-

287 3631 400 3699 telligo,
417 3627 481 3696 qnid
497 3627 532 3679 sit
548 3627 617 3679 illud
633 3631 755 3683 bactema
769 3631 886 3698 aperire,
902 3633 939 3684 bis
953 3652 986 3684 aa
1003 3637 1071 3687 dicae
1088 3639 1166 3688 Stella
1181 3641 1257 3692 aicit-

287 3719 338 3769 bor
355 3714 479 3775 macbca,
497 3712 530 3762 de
546 3713 730 3764 Romanorum
750 3708 864 3766 mationa
874 3753 881 3779 ,
902 3732 956 3767 non
979 3718 1012 3768 de
1033 3718 1122 3772 insula
1144 3722 1257 3790 dietum,

286 3815 338 3852 nec
362 3813 432 3864 quae
454 3801 564 3864 practer
586 3795 656 3849 nivis
679 3797 852 3863 splendorem
873 3798 902 3851 in
926 3799 1019 3853 bieme
1041 3802 1088 3853 lox
1116 3813 1257 3871 appareat.

285 3880 404 3936 Plurimi
419 3881 502 3932 ctiam
515 3881 543 3932 in
561 3898 595 3933 co
617 3886 723 3944 errant,
744 3881 814 3948 quod
831 3884 875 3934 sed
895 3884 1018 3948 proximo
1040 3886 1126 3938 verba
1142 3889 1257 3957 dispecta

284 3974 320 4018 ast
331 3971 481 4032 opponunt:
499 3965 577 4031 quasi
591 3965 796 4033 intelligendam
808 3966 858 4017 sit:
879 3967 988 4019 sednon
998 3966 1109 4034 propius
1124 3975 1256 4026 accedere

282 4053 408 4116 poterant
427 4049 461 4101 ob
478 4048 561 4102 rueris
578 4047 726 4117 pigritiam.
761 4050 938 4117 Corruptelae
955 4050 1027 4105 banc
1043 4053 1168 4124 equidem
1191 4066 1257 4128 puto
