2632 4770
211 262 276 325 636
657 251 803 319 ΜΟΒΟ.

312 408 372 460 (lia.
384 405 420 461 tle
434 403 491 457 ou.
508 403 534 469 1,
549 402 593 471 25,
608 403 653 461 89.
668 424 734 475 puae
748 403 952 473 (mediocriter)
963 404 1056 474 plaoet
1074 404 1284 475 Purpureum.

272 500 299 547 et
312 498 379 545 recte
395 490 497 561 placet,
512 491 589 543 modo
601 506 636 543 ne
649 490 787 543 usturam
800 490 965 543 incautam
983 496 1007 543 et
1022 489 1141 543 dicerent
1165 490 1269 543 utiliter

278 597 297 631 ιι
320 583 417 629 notura
437 574 536 625 aaran.
569 572 792 627 asturiarum·
816 573 888 643 apud
912 572 1107 627 (lambertin-
1127 574 1270 629 rationem

278 655 434 728 imperfecti
458 656 528 707 bene
552 654 722 711 declararitz
747 675 811 711 ιιιιιιι
832 656 880 728 qui
903 660 978 711 arado
999 676 1033 711 ue
1055 660 1172 714 laudent
1192 658 1271 725 aicta,

276 743 338 800 tolli
359 743 420 796 vult
437 739 484 805 id,
509 738 580 807 qood
602 740 665 794 fieri
684 747 776 813 potest
797 750 846 799 ant
872 744 996 799 tatarum
1016 747 1075 809 eet,
1098 743 1149 814 qui
1172 751 1269 808 nutem

276 828 353 883 ruodo
367 840 400 880 ne
414 823 572 889 laudarent,
589 823 634 894 irl,
653 827 726 897 qnod
739 827 846 883 luctum
861 827 918 881 inm
935 833 977 881 est
990 831 1019 880 et
1036 828 1076 882 lit.

296 955 348 1015 18.
370 912 435 1042 Seii
452 945 553 1011 morlo
569 970 612 1012 ue
627 969 696 1011 non
709 959 815 1015 mutat
832 948 979 1015 formam
998 970 1105 1014 suam.
1149 949 1269 1031 Quam

210 1034 366 1101 errabant
381 1030 496 1107 arraei,
513 1034 569 1119 qui
583 1033 685 1098 modo
702 1035 798 1101 etiam
816 1058 833 1101 r
851 1058 894 1101 ne
909 1046 1076 1101 remotum
1120 1045 1180 1099 oet
1195 1056 1266 1100 ver·

211 1121 291 1187 bum
305 1118 386 1208 poni
401 1140 498 1205 posse
513 1118 758 1188 existimabant.
799 1119 967 1209 Significat
982 1123 1070 1187 enim
1093 1057 1166 1185 boe
1189 1143 1265 1187 mo-

210 1204 256 1355 go
273 1207 511 1291 transpositum
525 1203 594 1269 ullo
609 1204 723 1271 modo.
764 1205 894 1273 Tamen
909 1218 1027 1295 poetae
1042 1206 1083 1271 ab
1101 1205 1168 1271 hae
1193 1206 1266 1293 lege

233 1294 441 1359 iseesserunt.

314 1408 377 1463 uta.
395 1407 439 1473 21,
454 1404 500 1471 52,
515 1403 543 1459 4.
565 1406 594 1459 tt
617 1407 735 1461 Romani
742 1447 751 1475 ,
773 1427 805 1462 ae
827 1411 889 1479 quial
909 1411 985 1465 mollo
1008 1416 1154 1477 moverent,
1183 1428 1266 1478 aequm

270 1496 360 1559 mis,
383 1493 481 1546 Poeaus
499 1492 634 1561 periniquo
653 1493 741 1545 auimo
757 1496 873 1561 serebat.
916 1494 974 1548 cio.
994 1494 1079 1549 Aoud.
1102 1492 1128 1559 2,
1152 1494 1200 1559 22,
1222 1493 1265 1546 ut.

278 1586 427 1634 tractantur
448 1577 499 1629 ieta
521 1576 669 1646 ingerlaus.-
693 1578 857 1647 disputentur
875 1579 954 1633 etiam
976 1581 1129 1650 elegantem
1154 1581 1265 1648 deuiam

278 1665 416 1721 uideuatur
437 1648 518 1724 tuae,
543 1678 575 1713 ae
600 1663 768 1729 affirmentur
786 1651 872 1716 modo·
919 1663 1102 1732 Wopleusius
1131 1662 1265 1729 iubeat.

280 1766 307 1818 p.
319 1747 363 1801 53.
380 1742 444 1815 (36.)
463 1746 533 1799 baec
545 1744 759 1813 interpretatura
774 1745 930 1817 probabilia
949 1748 1017 1815 sint,
1035 1764 1187 1801 careamus
1202 1755 1263 1801 tan-

279 1830 429 1895 tommano,
441 1847 477 1882 ne
493 1846 560 1883 vera
575 1847 635 1883 esee
654 1824 855 1885 contonilamus.
888 1831 924 1886 At
940 1832 995 1886 inm
1012 1832 1040 1884 in
1051 1830 1124 1885 notia
1139 1832 1177 1885 ud
1194 1833 1264 1884 bauo

277 1917 381 1971 libram
402 1913 514 1979 monui,
538 1914 701 1969 sententium
720 1932 796 1971 essee
821 1915 936 1985 (lenique
956 1916 1101 1971 videamus
1122 1932 1210 1982 une,
1233 1933 1265 1968 ne

278 2002 453 2059 alienentur
464 1999 521 2051 ullo
536 1999 627 2052 morlo.
1135 1994 1139 1999 ’

313 2102 418 2158 utuuu.
435 2101 462 2166 2,
475 2099 503 2166 4,
517 2098 559 2153 ut.
580 2120 595 2155 o
610 2102 715 2155 auare
725 2104 835 2170 fruges,
850 2120 883 2156 ae
896 2105 949 2157 siet
964 2105 1038 2157 morlo
1051 2121 1115 2181 rure
1129 2106 1249 2175 puellae.

298 2240 349 2307 14.
369 2234 474 2303 Modo
490 2258 559 2300 nou
575 2258 640 2323 pro
659 2235 784 2302 dumne
799 2246 831 2301 et
854 2237 923 2302 uisi
933 2235 1032 2327 forte
1057 2240 1141 2327 poni
1165 2263 1266 2331 posse

214 2322 439 2403 multifuere,
462 2322 519 2410 qui
534 2321 728 2389 docuerunt.
768 2320 805 2386 ld
822 2334 931 2388 autem
954 2334 1118 2411 repugnat
1142 2329 1267 2393 rationi

216 2410 461 2501 grammaticae.
504 2407 567 2471 Vbi
583 2409 626 2471 ita
644 2408 774 2496 legitur,
795 2418 850 2473 aut
871 2413 1004 2494 negatio
1030 2433 1101 2474 uon
1117 2410 1160 2475 ad
1178 2413 1266 2493 diod

214 2516 362 2578 nomeu,
390 2515 460 2561 non
486 2491 687 2559 adverbum
715 2504 860 2581 spectat,
892 2505 947 2559 aut
979 2494 1082 2559 modo
1110 2520 1183 2561 uon
1205 2522 1267 2586 pro

216 2594 352 2650 tuntum
366 2604 434 2647 nou
451 2578 588 2657 dicitur,
608 2579 699 2665 quod
716 2589 766 2642 est
787 2577 883 2661 μόνον
898 2576 982 2667 οὐχί,
1000 2583 1267 2672 propemodum.

216 2670 266 2735 lta
283 2688 360 2733 vero
374 2674 504 2753 praeter
520 2664 665 2732 comicos
685 2686 784 2728 nemo
803 2664 1039 2753 elegantiarum
1061 2666 1267 2752 scriptorum

216 2754 374 2853 loquutus
391 2758 458 2828 est,
481 2750 539 2813 sed
553 2747 687 2815 infimae
701 2752 812 2815 aetatis
829 2750 955 2831 Latini,
977 2751 1089 2837 quales
1115 2766 1187 2816 erat
1206 2757 1267 2819 Va-

216 2838 316 2904 lerius
329 2834 497 2902 Maximus
514 2844 545 2897 et
559 2835 752 2899 Ammianus
775 2836 997 2900 Marcellinus.
1040 2836 1110 2901 Nee
1135 2849 1267 2904 tantum

215 2923 402 2989 tribuamus
426 2918 578 3007 opinioni
598 2919 738 3000 valesii,
769 2922 828 3009 qui
850 2921 889 2986 ad
913 2920 1079 2985 Ammian.
1107 2928 1160 3007 14,
1181 2930 1213 3006 7,
1236 2929 1266 2990 8.

217 3011 389 3075 modorum
412 3005 447 3074 in
467 3026 570 3071 unum
586 3005 782 3070 vocabulum
800 3029 860 3094 per
875 3005 1011 3095 hyphen
1026 3010 1192 3095 componi
1211 3011 1268 3074 de-

217 3095 296 3161 bere
311 3090 538 3170 existimabat,
563 3101 722 3175 quantum
738 3091 853 3155 tribuit
874 3092 904 3156 ei
918 3092 1074 3179 Meyerus
1099 3094 1133 3158 in
1151 3095 1267 3184 Ephe-

217 3178 338 3248 merit.
353 3179 478 3242 ienens.
495 3200 522 3241 a.
544 3177 637 3244 1825.
651 3198 685 3241 n.
701 3182 756 3243 72.

330 3296 446 3369 Quintil.
459 3294 486 3362 ὃ,
502 3295 545 3360 11,
559 3292 604 3349 24.
625 3314 671 3349 aee
692 3302 730 3350 est
747 3298 805 3365 fere
823 3296 972 3367 quisquam,
992 3296 1068 3348 ruodo
1095 3315 1149 3349 ιιοιι
1173 3299 1265 3351 stultus

285 3393 363 3454 utque
376 3384 411 3436 ol
429 3382 497 3435 omui
508 3398 615 3452 prorsus
628 3399 676 3456 usu
690 3381 796 3434 dicentii
805 3389 925 3445 emotus,
940 3381 1001 3449 quia
1016 3382 1091 3445 seint,
1112 3390 1136 3433 et
1153 3384 1219 3451 qaid
1230 3384 1263 3434 li-

285 3476 338 3524 tem
349 3469 437 3535 faciut
451 3473 502 3520 ete.
536 3464 623 3519 Nemo
637 3481 690 3519 uon
705 3463 781 3517 videt
796 3465 867 3517 baec
888 3465 924 3518 ad
944 3466 973 3517 id
994 3481 1082 3534 genus
1098 3466 1212 3529 relerri,
1230 3465 1260 3515 le

287 3570 341 3623 qno
361 3571 389 3604 ιι.
403 3551 430 3604 9.
446 3551 510 3604 dixi.
553 3552 632 3607 Caes.
656 3549 729 3601 Bell.
749 3549 817 3618 gall.
840 3548 867 3615 u,
882 3548 908 3602 8.
935 3549 976 3600 illi
990 3577 1026 3586 -
1041 3549 1168 3617 impetum
1192 3549 1260 3603 morlo

283 3640 357 3705 ferre
369 3655 419 3690 aon
430 3643 567 3706 patuerunt
582 3632 614 3687 u'e
627 3635 711 3703 primu
726 3651 850 3691 concursu
864 3634 891 3691 ἱιι
899 3635 1000 3703 sugam
1015 3634 1126 3686 coniecti
1133 3635 1265 3705 prosimos

175 3722 178 3727 ’
282 3722 363 3776 ottaas
376 3721 528 3790 petiverant.
561 3720 629 3772 viae
646 3737 673 3771 ιι.
687 3718 729 3771 lli.

318 3823 430 3876 Terent.
446 3823 558 3875 Phorm.
572 3823 598 3888 1,
613 3822 640 3886 2,
655 3818 698 3874 Π.
713 3820 736 3872 is
750 3837 835 3873 rerem
852 3835 899 3887 per
915 3818 1034 3886 epistolae
1051 3817 1175 3886 pellexit,
1193 3818 1266 3871 morlo

286 3929 336 3964 ooo
358 3914 454 3963 mortes
475 3909 534 3959 auri
548 3908 679 3977 pollicens.
712 3905 762 3959 nbi
777 3905 914 3957 Donatus:
929 3902 1101 3971 proverbialis
1122 3896 1265 3973 ὑπερβολή

282 4001 360 4067 sacta
371 4010 420 4064 per
440 3992 608 4060 exceptionem
629 3997 674 4043 aut
692 4007 739 4058 per
753 3988 970 4063 superlatioaem,
994 3995 1039 4040 out
1058 4006 1173 4057 aequom
1189 3989 1268 4040 eollo

286 4081 390 4136 tionem.
422 4076 558 4131 Eiusmodi
572 4082 610 4131 est
623 4075 690 4129 illud
704 4073 878 4128 Demosthenis
890 4070 1027 4142 turpata.
1041 4073 1068 4127 1.
1085 4072 1163 4143 init)
1179 4069 1268 4141 pirou
