2632 4770
162 208 178 241 Ι
568 206 571 211 .
624 209 631 217 .

509 244 689 343 in'rm.'
936 253 938 258 ‘
1008 268 1027 345 J
1050 274 1116 359 ser

84 466 96 477 ,
124 424 158 491 4,
173 423 216 479 50.
241 403 357 478 inuentus
374 423 486 476 Tarsam
507 424 573 477 inter
593 431 619 478 et
637 418 753 508 Turesim
768 422 973 480 distrahebatur.
1005 426 1055 499 12,
1071 426 1117 480 32.
1217 491 1219 497 Ι
1292 491 1295 509 ¹

127 513 222 565 bellum
240 512 307 562 inter
321 516 346 562 et
358 526 452 577 pacem
467 509 633 562 dubitabant.
668 508 742 561 Hist.
758 507 785 572 2,
798 503 887 561 10.ἰή
902 511 1006 564 ciuitate
1020 514 1119 564 discos·-
1229 572 1232 579 ¹

126 599 156 651 di
172 605 197 649 et
214 597 243 648 ob
257 594 360 671 crcbsas
372 594 518 664 principum
530 597 684 673 mutationes
699 591 764 646 inter
778 594 925 646 libertatem
941 612 972 647 ac
987 597 1117 648 licentiam
1176 640 1178 646 .
1264 618 1267 627 ¹

125 685 225 734 incerta
240 697 342 750 parvae
362 697 461 747 quoquc
479 694 520 730 res
539 681 646 748 magnis
667 679 780 735 motibus
803 680 961 747 agebantur.
997 680 1073 734 curt.
1089 679 1117 744 l,
1156 690 1177 721 ’ὅ

127 767 153 832 1,
169 765 212 820 33.
229 782 320 834 anceps
333 765 400 816 enirn
417 765 513 814 crimen
527 770 565 816 est
581 766 647 816 inter
662 743 817 816 retinentem
830 770 855 816 et
870 765 1024 834 exigentem.
1269 754 1271 758 ’

143 923 196 983 23.
221 915 423 981 Pronomina
448 896 637 1012 xersonania
655 902 746 1014 ‘cum
780 912 843 979 hac
873 908 1120 1005 praepositione

57 1004 189 1085 iuncta,
214 1004 403 1077 internos,
434 1013 525 1065 inter
552 1025 625 1082 aas,
649 1013 739 1086 anter
761 1024 815 1082 se,
838 1003 1003 1068 actionem
1029 1004 1120 1067 indi·
1169 1050 1173 1057 ,
1210 1023 1214 1032 ’

61 1103 138 1154 cant
155 1090 344 1152 conclusam
370 1099 469 1174 atque
493 1087 532 1150 ad
557 1087 641 1161 duos
665 1097 793 1150 tanturn
812 1087 972 1153 homines
1000 1090 1132 1154 duasve·
1219 1090 1224 1099 ’

59 1173 124 1241 ηεΔ
141 1176 364 1262 pertinentem
387 1175 450 1247 ita,
480 1183 517 1235 ut
539 1185 654 1244 mritua
679 1175 722 1236 sit
742 1183 774 1234 et
796 1171 835 1235 ab
858 1181 998 1260 'utraque
1024 1185 1120 1262 parte

59 1273 162 1349 gesta.
212 1260 250 1325 td
277 1259 395 1332 Graeci
420 1258 524 1325 verbo
553 1255 707 1341 ἀλλήλοις,
733 1253 880 1339 ἀλλήλους
913 1263 1119 1348 exprimunt,

59 1370 123 1412 nos
160 1370 238 1412 vero
270 1346 405 1410 Latinos
436 1347 603 1410 imitantes
634 1357 736 1413 center
766 1343 946 1409 einander.
1014 1347 1121 1434 Saepe

60 1434 158 1496 etiam
176 1433 240 1496 hoc
253 1432 357 1496 modo
376 1433 568 1495 communio
587 1431 636 1495 rei
653 1429 798 1514 agendae
810 1431 1003 1518 simpliciter
1016 1434 1121 1518 signi-

60 1517 193 1582 ficatur:
218 1534 326 1602 ¹saepe
351 1529 571 1606 opponuntur
592 1517 635 1594 ii,
658 1517 715 1602 qui
742 1527 845 1580 extra.
891 1517 995 1578 Latini
1020 1518 1121 1602 igitur
1194 1522 1208 1532 “’

62 1615 187 1670 veteres
208 1604 357 1667 dicebant
378 1605 499 1667 timere
517 1602 608 1667 inter
631 1624 684 1682 sc,
704 1600 795 1686 quod
817 1599 906 1687 apud
925 1604 1121 1691 posterioris
1220 1656 1223 1663 .

60 1692 130 1754 aevi
162 1689 340 1773 scriptores
368 1689 513 1752 inuicem
544 1689 665 1752 timere
699 1686 900 1752 audiebatur.
942 1687 1017 1752 vide
1044 1691 1122 1752 Ant.

62 1775 183 1839 Schoii
201 1775 313 1837 Phras.
332 1775 386 1838 lat.
406 1775 484 1859 ling.
506 1795 540 1858 p.
556 1773 633 1837 440.
679 1773 1041 1854 Grammaticiautem,
1064 1776 1122 1861 qui
1174 1843 1182 1853 ,
1255 1816 1257 1825 ι

61 1861 218 1939 tradunt,
240 1862 274 1923 in
291 1859 341 1922 his
365 1847 475 1924 omitti
500 1859 586 1922 aliud
610 1880 819 1946 pronomen,
842 1868 874 1922 et
897 1859 989 1922 inter
1010 1882 1046 1923 se
1072 1860 1122 1923 ti·
1260 1940 1262 1945 Α

62 1968 155 2009 mere
190 1947 270 2031 poni
298 1967 363 2030 pro
396 1967 432 2008 se
461 1944 552 2009 inter
581 1967 617 2009 se
650 1945 789 2017 timere,
820 1945 1034 2009 vehementer
1067 1967 1121 2009 er·
1203 1976 1204 1981 ¹
1235 1947 1242 1966 ‘
1283 1968 1286 1972 ³

60 2041 148 2095 rant.
193 2030 358 2109 Ochsneri
381 2029 496 2116 Eclog.
517 2030 590 2111 ¹Cic.
614 2052 647 2118 p.
664 2036 740 2095 257.
766 2035 873 2110 (190.)
904 2030 1055 2095 Bremius
1080 2030 1122 2095 ad

64 2115 199 2180 Cornel.
223 2116 323 2179 Dion.
349 2117 381 2191 4,
400 2117 615 2203 1.,G0erenn.
641 2115 682 2180 ad
707 2103 774 2180 Cic.
798 2114 838 2180 de
861 2114 932 2180 Fin.
952 2123 983 2193 3,
999 2122 1053 2193 20,
1070 2120 1122 2182 66.

62 2203 196 2288 Zumpt.
215 2201 246 2264 in
266 2203 450 2266 Grammat.
469 2207 589 2267 n.300.
611 2211 642 2264 et
658 2212 735 2288 post
751 2223 806 2265 eos
823 2202 921 2266 multi
938 2202 1003 2267 alii.
1050 2200 1158 2267 Ta·v
1219 2208 1224 2225 ¹

59 2311 137 2351 men
155 2291 226 2372 ipse
237 2287 407 2360 Ernestius
420 2286 506 2350 hanc
519 2289 720 2368 sententiam
738 2288 912 2373 amplexus
927 2300 977 2351 est
992 2287 1032 2352 ad
1051 2289 1121 2353 Cic.

64 2375 104 2436 de
123 2374 227 2436 Amic.
245 2378 297 2452 22,
319 2376 372 2435 82.
418 2372 448 2435 T
450 2374 498 2436 ria
518 2395 639 2458 genera
663 2371 761 2436 huius
788 2374 941 2436 dictionis
967 2385 1043 2438 sunt
1068 2375 1122 2439 di·
1163 2434 1167 2441 .

63 2458 272 2542 stinguenda.
316 2457 467 2520 Primum
484 2460 572 2522 enirn
587 2459 694 2522 Latini
711 2467 860 2522 mutuam
880 2459 1044 2523 actionem
1061 2482 1123 2524 ex·
1203 2466 1213 2509 -’
1248 2471 1275 2515 ἰ’

64 2546 219 2633 primunt
236 2543 344 2608 verbis
356 2542 453 2634 inter
472 2566 552 2622 nos,
578 2544 670 2610 inter
692 2566 747 2607 ses
765 2542 866 2607 veluti
886 2557 1008 2610 amant
1032 2547 1124 2609 inter
1150 2618 1153 2623 ,
1208 2612 1211 2617 .

67 2654 104 2693 se
129 2633 151 2694 i.
169 2653 196 2693 e.
217 2630 299 2693 alter
326 2628 480 2694 alterum.
530 2629 646 2716 Neque
670 2629 917 2704 discretisunt,
944 2632 978 2694 in
1003 2631 1123 2717 quibus
1255 2654 1261 2663 ·
1301 2705 1306 2719 .

63 2716 249 2804 pleonasmi
265 2716 369 2778 instar
384 2718 558 2800 utriusque
575 2715 678 2803 partis
695 2736 822 2779 nomen
840 2719 1038 2804 apponitur:
1060 2738 1123 2780 nos
1182 2725 1188 2739 “
1205 2745 1214 2763 .

65 2803 156 2866 inter
180 2824 242 2866 nos
268 2800 436 2886 complexi
461 2813 587 2875 aumas.
634 2801 702 2865 Nec
724 2803 784 2883 ea,
804 2803 839 2865 in
864 2803 983 2885 quibus
1008 2798 1127 2896 oppri-

66 2899 194 2951 nuntur
222 2897 315 2949 extra
341 2887 466 2972 posita,
489 2886 589 2950 veluti
613 2887 704 2951 inter
729 2886 918 2963 assimiles
942 2888 1028 2975 apud
1055 2887 1123 2951 Cic.
1191 2921 1196 2940 ι
1267 2930 1270 2937 -

66 2973 163 3038 Acad.
182 2980 212 3049 2,
239 2977 288 3045 17,
307 2975 360 3037 55.
387 2971 478 3058 quod
503 2984 570 3053 est,
593 2972 680 3037 inter
702 2995 738 3037 se
761 2973 954 3060 comparati.
997 2973 1124 3038 Deinde

64 3060 166 3123 verba
190 3057 251 3121 sibi
269 3081 457 3144 pronomen
475 3060 519 3123 ita
544 3059 743 3146 adiungunt,
766 3069 801 3121 ut
819 3066 884 3122 uita
903 3056 1039 3123 exsistat
1060 3081 1124 3122 no-

63 3147 134 3222 tio,
167 3164 249 3227 quae
276 3145 374 3208 etiam
401 3145 539 3215 adrem
565 3155 657 3209 extra
682 3145 964 3232 positam·possit
993 3143 1123 3223 referri,
1173 3222 1175 3226 μ
1238 3200 1242 3209 ,

65 3226 349 3316 quemadmodum
377 3229 412 3293 in
438 3230 546 3309 verbis
570 3252 625 3295 res
645 3231 735 3294 inter
756 3252 792 3294 se
816 3229 981 3296 conciliat
1007 3228 1125 3295 referi·
1203 3278 1207 3287 1
1247 3228 1250 3243 '

64 3336 142 3380 mus
162 3314 252 3376 inter
269 3335 304 3376 se
320 3330 390 3377 non
413 3315 453 3378 ad
472 3337 567 3401 eum,
593 3316 650 3401 qui
666 3315 830 3378 conciliat.
873 3315 1024 3402 Denique
1040 3338 1122 3380 vero

64 3400 177 3467 Latini
194 3410 229 3462 ut
248 3397 360 3485 dicunt
376 3401 528 3464 novimus
543 3401 728 3486 nos‚'qucd
745 3413 794 3464 est
809 3401 888 3464 azoni
904 3412 938 3467 te
955 3414 987 3466 et
1004 3413 1042 3466 tu
1060 3425 1126 3466 no·
1181 3470 1187 3483 ἱ
1218 3448 1223 3459 ,

67 3484 147 3551 aisti
166 3507 237 3559 me,
260 3483 305 3546 sic
330 3485 429 3550 etiam
454 3485 615 3554 nouimus
630 3509 692 3550 nos
716 3485 807 3550 inter
839 3509 934 3550 nass.
951 3508 1124 3574 nunquam
1151 3538 1155 3546 .
1190 3532 1192 3539 ,
1226 3507 1230 3515 ’

66 3582 176 3636 tamen
196 3581 360 3658 nonerunt
373 3570 513 3647 se,-nisi
530 3571 718 3656 intelligunt
733 3570 863 3635 novisse
878 3594 912 3634 se
931 3572 1041 3658 ipsos,
1061 3584 1135 3636 ne-.
1233 3637 1237 3646 ‚

52 3656 133 3744 *que
151 3658 249 3721 etiam
272 3667 436 3720 nonerunt
461 3680 497 3721 se
524 3656 616 3723 inter
639 3679 683 3722 se.
727 3656 813 3720 Nam
837 3656 893 3742 qui
919 3658 1128 3733 Graecorum
1150 3732 1153 3743 Ι

18 3784 24 3791 -
68 3742 358 3821 consuetudinem,
381 3764 445 3828 qua
459 3743 580 3815 ἑαυτῶν
596 3764 660 3829 pro
683 3737 819 3823 ἀλλήλων
838 3743 1022 3830 ponebatur
1041 3743 1129 3824 (vid.
1177 3763 1201 3829 '⁴

66 3829 226 3893 Matthiae
243 3829 356 3893 Gram.
382 3832 543 3914 p..9.20.),
565 3828 711 3893 imitatus
733 3827 851 3905 scierit,
873 3829 1041 3894 nerninem
1062 3829 1125 3893 bo·
1164 3875 1165 3878 κ

18 3972 23 3981 ,
67 3936 191 3978 norum
213 3914 413 3998 scriptorum
440 3914 592 3999 cognovi.
635 3912 798 3978 Ceterum'
815 3913 906 3980 inter
928 3938 1009 3994 nos,
1032 3915 1124 3979 inter

66 4022 103 4063 se
125 4021 195 4062 non
221 4008 351 4065 tantum
377 4020 454 4063 cum
478 3999 584 4066 verbis
637 4000 747 4069 assisis,
773 4010 1045 4088 componuntur,
1066 3998 1124 4063 sed
1275 4070 1280 4081 ,

65 4087 165 4151 etiam
182 4106 260 4148 cum
279 4084 392 4161 sauvis
414 4095 448 4165 et
471 4104 548 4151 cum
572 4021 785 4161 substantivis
809 4086 1003 4153 nominibus
1028 4084 1124 4151 attii·
1187 4154 1190 4159 ,
1267 4158 1269 4162 ³
