2654 4770
312 232 504 330 naxrns.
546 255 849 329 namuurum
1040 271 1103 335 soc
1170 338 1174 351 ,
1233 356 1240 383 Ι

149 420 201 481 27.
223 411 741 500 BrissoniusdeVerbo1·.signif.
759 438 795 502 p.
812 420 889 483 808.
905 418 1103 500 „interdum

61 502 189 587 inquit,
202 522 325 565 vvocem
347 500 431 562 hanc
448 499 493 562 ita
517 499 738 585 accipiendam
760 523 902 585 moneo,
917 526 991 568 non
1010 509 1103 592 quasi

62 589 141 652 alias
167 596 199 650 et
221 594 365 651 cessante
393 606 433 648 eo
458 583 545 646 idem
561 584 639 647 iuris
661 586 719 664 sit,
750 586 806 649 sed
836 598 1003 674 tamquam
1025 592 1103 656 alias

62 673 153 736 idem
174 693 242 734 non
270 672 327 734 sit:
359 690 395 733 ac
421 668 558 816 ppoindc
580 669 667 732 idem
692 669 774 735 valet
795 672 885 756 quod
908 675 1020 761 utique
1045 694 1103 741 seu
1190 703 1191 706 ¹

62 758 117 821 ito
133 755 285 832 domm„
308 753 406 819 veluti
820 759 826 769 '

64 843 213 906 maxime
228 863 281 905 res
297 838 509 923 corporales:
535 838 624 924 quod
644 861 712 902 non
731 842 773 905 ita
791 843 1017 929 accipiendum
1042 857 1103 927 est,

66 927 157 1013 quasi
176 937 208 989 et
229 923 453 1011 incorporales
469 944 530 987 usu
547 924 618 1010 capi
638 924 780 1010 possint,
800 927 858 990 sed
875 930 1103 1017 quasicorpo·

60 1013 145 1077 rales
170 1010 269 1075 solae.
319 1010 371 1072 Sic
397 1009 472 1093 Dig.
495 1011 548 1080 25,
570 1014 601 1083 7,
624 1013 658 1072 3.
687 1009 724 1072 in
738 1011 968 1077 ¹concubinatu
986 1027 1101 1100 potest

62 1121 134 1161 ease
150 1107 182 1160 et
200 1097 315 1160 alieno
332 1091 454 1159 liberm
470 1104 502 1158 ei
515 1094 678 1181 ingenuo,
697 1093 759 1157 sed
774 1099 922 1161 maxime
940 1122 992 1179 ea,
1016 1122 1101 1186 quae

61 1181 201 1246 obscuro
227 1181 300 1245 loco
321 1191 408 1243 nota
430 1189 499 1258 est,
521 1181 571 1243 sel
592 1189 766 1266 qrroestnm
789 1203 928 1267 corpore
941 1181 1042 1270 fecit.
1065 1185 1101 1249 id

61 1277 112 1331 est
127 1289 204 1330 eom
223 1266 401 1330 demum.“
443 1262 491 1326 lta
514 1274 670 1349 torquere
693 1264 847 1329 vocabula
871 1267 980 1330 solent
1002 1269 1101 1334 iuris-

60 1352 213 1416 consulti.
263 1350 348 1414 Nam
372 1348 435 1414 illis
461 1348 494 1413 in
516 1349 596 1414 locis
621 1371 680 1413 nec
704 1349 804 1414 Gaius
827 1373 887 1414 nec
916 1352 1099 1426 Marcianus

62 1438 199 1502 excessit
230 1435 396 1522 vulgarem
427 1455 538 1498 usum.
597 1432 655 1499 llle
678 1433 767 1498 enim
787 1437 982 1524 composuit·
1003 1438 1102 1505 rerba

54 1521 229 1608 ,recipiunt
251 1520 401 1596 maxime
424 1519 457 1583 h.
475 1541 506 1582 e.
531 1518 937 1607 plenam‘usucapionem:
963 1519 1017 1586 hic
1040 1545 1102 1587 au·

59 1618 130 1671 tem
153 1607 253 1684 dixit,
276 1605 403 1669 etiamsi
427 1605 565 1690 ingenua
589 1604 707 1668 mulier
727 1605 762 1668 in
788 1606 1009 1672 concubinatu
1031 1629 1102 1673 esse

61 1703 187 1779 posset,
210 1690 245 1754 id
261 1702 367 1754 tameo
385 1687 456 1752 ficri
472 1711 567 1775 posse
582 1711 642 1776 per
656 1690 880 1766 testationem,
903 1713 985 1777 quae
1002 1695 1036 1756 in
1053 1691 1102 1757 fe-

61 1780 153 1843 mina
172 1776 311 1838 obscuro
329 1775 403 1838 loeo
419 1784 495 1836 nata
509 1796 576 1839 oon
592 1784 676 1838 esset
689 1777 877 1840 necessaria.
921 1777 980 1840 Est
1000 1779 1102 1865 igitur

62 1863 212 1926 maxime
228 1860 260 1925 id
275 1860 364 1944 quod
381 1858 517 1922 dicimus
533 1856 740 1947 urzbedingt:
762 1858 850 1947 quod
864 1861 928 1927 alio
944 1862 1101 1951 exemplo

26 1990 39 2019 s:
61 1947 361 2013 demonstravimus
380 1965 414 2031 p.
430 1946 505 2009 592.

18 2038 30 2061 ,
191 2038 194 2043 .

316 2114 842 2226 maximoennn.

149 2287 177 2348 1.
203 2283 296 2364 Quae
311 2281 481 2346 denatura
503 2291 535 2347 ct
556 2281 759 2346 formatione
780 2281 1103 2370 verbi-magnopere

64 2367 210 2448 narravi,
231 2391 268 2433 ea
284 2366 394 2431 omnia
412 2366 564 2431 etiamad
585 2367 815 2452 maximopere
830 2378 989 2451 spectant.
1032 2372 1103 2431 An-

63 2454 286 2539 tiquissimum
301 2464 430 2539 tempus
452 2453 618 2539 ignorasse
641 2451 770 2515 uidetur
788 2451 982 2515 vocabulum
1007 2459 1104 2516 com'-

61 2540 227 2627 positum:
250 2561 328 2602 nam
349 2559 430 2624 quae
445 2534 531 2624 apud
547 2536 696 2601 Plautum
713 2545 745 2600 et
767 2531 961 2601 Terentium
984 2537 1103 2621 legun-

64 2636 121 2689 tur
137 2625 308 2710 exempla,
329 2625 463 2709 plenam
479 2644 500 2685 o
526 2622 588 2686 eris
604 2622 670 2685 sive
692 2619 790 2684 studii
811 2620 985 2685 notionem
1010 2622 1045 2684 in
1067 2641 1103 2685 se
1136 2626 1140 2634 '

64 2707 200 2789 habent,
219 2731 326 2794 neque
341 2710 374 2772 in
394 2729 460 2771 uno
479 2645 536 2771 ills
553 2704 701 2770 Terentii
720 2706 820 2785 loco,
841 2707 875 2770 in
895 2727 961 2793 quo
984 2706 1110 2771 adver-⁴

63 2793 157 2859 bium
175 2794 302 2858 admitti
319 2800 442 2881 posset,
465 2791 674 2857 consentiunt
689 2791 813 2889 antiqui
830 2790 918 2855 libri.
962 2789 1103 2872 Quando
1139 2852 1144 2866 ,

453 755 496 840 ig.
513 759 566 831 ll,
582 759 614 834 8,
631 757 661 818 9.
684 777 922 843 usucapionem
935 762 1103 846 recipiunt
1214 800 1219 809 ·

63 2890 244 2965 utrumque
264 2877 457 2944 vocabulum
474 2877 506 2940 in
524 2898 625 2940 unum
642 2877 797 2962 coniungi
818 2896 949 2963 unoque
970 2886 1104 2941 accentu
1170 2876 1174 2882 ¹
1262 2921 1268 2934 2

63 2967 191 3052 gravari
206 2965 358 3051 coeperit,
377 2963 430 3026 vix
442 2966 563 3050 poterit
578 2960 806 3026 demonstrari.
839 2961 966 3025 Plautus
984 2962 1102 3027 eodem

62 3051 189 3129 modo,
214 3070 279 3136 quo
299 3047 413 3124 studio
436 3049 586 3112 maximo
601 3045 704 3111 Stich.
722 3054 752 3121 1,
768 3051 798 3121 8,
814 3046 867 3111 45.
883 3046 982 3124 dixit,
1005 3047 1104 3111 etiam

64 3134 223 3221 separatis
241 3132 347 3197 verbis
364 3135 519 3233 loquutus
541 3143 588 3198 cst
609 3153 768 3196 maxumo
786 3153 891 3218 opere
910 3132 1003 3229 [Cas.
1022 3131 1054 3207 5,
1070 3135 1103 3212 4,

63 3217 544 3382 llataftiftftttttttlt
563 3238 664 3382 ilii.
684 3238 844 3378 iiiii?
863 3216 1105 3387 illidit

63 3388 160 3454 aliter
176 3385 353 3450 Terentius
370 3386 453 3451 Eun.
469 3393 500 3462 8,
514 3392 546 3465 3,
561 3390 614 3450 27.
636 3384 771 3451 Phorm.
787 3387 817 3462 5,
836 3391 866 3467 1,
880 3390 933 3449 33.

175 3506 289 3559 Terent.
303 3507 404 3569 Heaut.
422 3504 447 3570 4,
463 3505 489 3569 1,
504 3504 548 3558 13.
568 3504 716 3558 miministr'n
731 3521 771 3558 me
786 3521 837 3583 esse
852 3506 994 3574 mucidam
1014 3512 1040 3560 et
1051 3507 1104 3561 ota

129 3586 158 3642 ti
169 3597 193 3642 te
209 3592 318 3643 maximo
332 3606 407 3660 opere
421 3590 628 3652 interminatum,
640 3589 663 3640 si
675 3588 789 3655 puellam
800 3604 931 3656 parerem,
943 3590 1012 3642 nolle
1024 3588 1105 3644 taut?

131 3674 176 3727 lta
189 3675 272 3727 codex
292 3672 428 3726 halensise
448 3673 515 3738 duo,
533 3691 600 3741 quos
617 3674 739 3725 Faernus
752 3670 894 3736 nominat,
914 3676 1025 3727 maximo
1042 3691 1104 3744 ope-

131 3774 161 3809 re
185 3760 277 3812 dicere.
313 3758 400 3811 Miror
425 3756 597 3821 Bentlelnm‚
616 3756 663 3823 qui
683 3756 778 3810 edicere
798 3754 920 3824 scripsit,
937 3775 989 3810 non
1008 3773 1104 3825 respe-

132 3840 205 3893 xisse
229 3844 263 3895 ad
279 3845 368 3896 Plaut.
385 3843 461 3895 Pers.
484 3840 549 3906 Η,
565 3839 608 3893 59.
636 3839 670 3892 dc
696 3839 951 3909 querulorum.
983 3841 1104 3907 Vtroque

132 3924 161 3980 in
190 3928 251 3980 loeo
271 3935 343 3980 certe
366 3927 510 3981 scribenda
532 3925 658 3978 uidentur
680 3923 788 3994 integro
814 3926 933 3980 nomina.
973 3925 1103 3976 cetorum

130 4012 244 4064 mammo
273 4028 346 4081 opere
373 4013 455 4070 dicere
480 4011 540 4070 sive
571 4013 668 4072 adicere
700 4014 742 4064 est
775 4013 838 4078 oasa
864 4006 1109 4066 nocldmdcticlutc

129 4094 244 4160 duum·
426 4098 433 4107 '
477 4094 480 4099 '
841 4122 844 4127 ι
991 4111 993 4115 ·
1053 4098 1056 4107 “
