2632 4770
789 230 833 264 ι’
875 260 879 279 r

188 290 255 354 aro
519 254 529 377 ‘-
690 278 758 348 ln.-

258 454 290 492 er
299 435 440 508 procincta
452 450 582 500 macrae,
601 442 631 488 nt
645 435 679 488 ir'e
690 435 798 490 teetibae
817 434 847 489 ln
861 452 966 505 mmmo
980 436 1110 508 prumiae
1128 445 1256 497 meatur.

258 523 278 579 i.
298 540 323 575 e.
343 522 372 575 in
393 538 501 575 nonme
523 520 722 575 constituenda.
756 520 871 575 Sailact.
889 523 949 577 (lot.
965 521 1017 590 51,
1032 521 1076 576 bb.
1101 532 1180 593 atoue
1201 544 1256 597 ego

255 608 319 662 baec
347 626 399 660 non
423 608 453 660 in
470 608 509 659 Μ.
535 607 637 671 lirllio,
663 624 742 675 neque
763 607 805 660 liic
829 609 987 678 temporiluc
1011 627 1108 664 vereor.
1145 611 1201 664 cic.
1225 631 1254 681 p.

257 692 334 747 Coei.
349 690 374 756 li,
393 692 436 744 14.
453 693 532 745 nicoli
546 708 740 759 nonnumquam
759 692 788 743 in
803 693 893 746 ecdem
911 694 1015 748 bomine
1038 713 1078 748 mo
1091 714 1190 766 puopue
1208 714 1256 750 er·

256 780 323 832 roric
343 779 395 830 mei
408 778 529 848 poenitet.
563 776 597 828 ad
620 775 699 828 Fam.
717 775 750 842 ii,
767 774 800 842 Β,
814 777 858 829 22.
875 782 928 832 no'n
948 778 1035 832 dicam
1055 781 1153 852 plara,
1170 799 1202 834 ne
1224 782 1254 834 iu

261 881 311 934 quo
329 870 355 916 te
370 864 521 932 obiurgem,
534 862 563 914 id
582 862 668 932 iprum
689 848 909 921 uideanimitari·
943 865 1035 919 Tacit.
1053 858 1123 919 Ann-
1139 866 1190 932 15,
1205 865 1253 920 44.

256 948 332 1002 baud
343 948 453 1016 perinde
466 948 493 999 ia
507 947 616 1000 crimine
627 948 741 1000 incendii
753 965 834 1029 paam
850 949 911 1002 odio
926 950 1037 1007 bomani
1061 952 1168 1020 generie
1190 970 1255 1005 con-

253 1034 317 1087 cicli
329 1039 400 1086 cont.
435 1031 492 1085 Cic.
508 1032 543 1085 ad
558 1031 690 1098 Fratr.2‚
707 1032 733 1085 2.
754 1039 780 1086 el
792 1034 909 1103 primum
929 1052 971 1090 me
990 1036 1041 1088 tili
1061 1053 1150 1089 mcum
1171 1038 1198 1088 iu
1221 1056 1253 1090 eo

253 1119 325 1191 ipro,
350 1117 380 1170 in
396 1135 447 1187 pao
465 1124 605 1171 teacaeco.
643 1118 671 1172 in
687 1118 770 1172 Catil.
792 1118 825 1185 2,
840 1118 917 1184 2,3.
938 1121 985 1190 pul
1007 1121 1102 1173 iubae
1124 1122 1199 1190 ipro,
1219 1123 1251 1174 iu
1296 1104 1303 1112 ⁸

253 1223 303 1274 qno
318 1203 430 1255 excultat
445 1209 469 1254 ct
483 1194 634 1272 triunphat
647 1204 733 1257 oratio
751 1221 827 1269 mea,
846 1223 887 1258 me
902 1203 1063 1258 veliementer
1078 1214 1180 1258 accuret
1197 1214 1250 1259 etc.

255 1288 289 1341 de
304 1286 365 1340 Fin.
381 1286 408 1351 1,
420 1285 447 1351 2,
462 1285 488 1339 4.
506 1287 533 1339 in
548 1290 639 1355 quibua
656 1289 704 1359 boo
722 1289 840 1357 primum
862 1296 913 1354 ert,
930 1291 958 1342 in
981 1307 1031 1359 poc
1054 1291 1176 1344 admirer.
1213 1291 1250 1344 de

248 1368 315 1428 Nm
330 1373 356 1423 d.
371 1371 405 1435 2,
418 1369 470 1436 48,
486 1369 547 1423 124.
566 1372 594 1423 in
615 1390 665 1440 pua
684 1372 875 1427 &mirandum
895 1379 944 1426 ert.
986 1373 1086 1443 Virgil.
1111 1375 1162 1440 1⁰,
1185 1374 1250 1430 446.

249 1465 335 1529 reaper
353 1459 381 1509 io
394 1458 491 1510 tuma
527 1456 584 1510 Cic.
599 1457 634 1525 ad
650 1457 728 1510 Fam.
738 1454 768 1535 li,
783 1455 827 1529 12,
841 1457 867 1508 2.
884 1475 937 1527 pua
950 1459 978 1510 in
992 1477 1020 1512 re
1035 1461 1084 1511 tibi
1097 1463 1228 1529 gratulor.

289 1560 347 1615 cte.
364 1561 398 1612 de
413 1558 492 1615 Orat·
504 1560 537 1626 2,
551 1557 603 1627 bl,
617 1557 765 1630 moriad
785 1560 855 1612 idem
877 1560 905 1611 tn
927 1561 990 1613 bono
1008 1580 1080 1616 cervo
1100 1564 1153 1614 diei
1171 1565 1248 1615 colet.

249 1644 286 1701 dc
301 1649 369 1724 integ.
383 1647 409 1712 1,
426 1643 475 1711 19,
490 1644 534 1699 51.
552 1647 622 1716 puod
643 1645 707 1699 item
728 1645 766 1711 ad
786 1645 945 1697 contrariam
970 1647 1073 1699 modern
1095 1648 1124 1699 in
1148 1636 1246 1703 virtute

136 1724 138 1729 ’
246 1733 301 1791 dici
318 1740 414 1806 potent.
449 1731 505 1786 Alii
527 1733 553 1784 in
572 1732 701 1793 uirtutem.
736 1730 810 1783 Illud
831 1729 938 1783 catria
959 1729 1107 1782 iudicanda
1129 1731 1246 1785 virtute.

247 1822 416 1889 interpreter
442 1815 567 1872 Terentii
590 1817 671 1869 varia
691 1817 978 1883 contundunt,quun1
1001 1814 1144 1867 affirmant
1166 1834 1248 1870 eam·

178 1894 181 1903 ¹
247 1892 312 1960 dem
325 1903 488 1958 sententiam
502 1920 564 1954 ecee
579 1901 608 1954 in
624 1900 718 1954 verbio
741 1903 876 1971 disputare
900 1900 932 1953 de
949 1901 1039 1968 aliqua
1054 1917 1098 1964 re,
1118 1902 1184 1970 disp.
1204 1907 1247 1956 ad

189 1974 194 1981 ⁸
245 1972 362 2060 aliquam
382 2007 454 2052 cera,
473 1987 582 2056 disp-in
602 1987 693 2056 aliqua
709 2002 747 2037 re.
779 1985 854 2039 Illud
878 1985 999 2054 primum
1020 1984 1159 2054 significat
1180 2005 1245 2042 rem

245 2085 365 2133 tracmre
380 2071 580 2141 disputationec
598 2070 634 2124 ad
654 2070 776 2138 aliquam
791 2088 852 2123 rem
869 2076 961 2143 autem
979 2070 1128 2123 adhibetur
1146 2073 1244 2142 dispu-

130 2166 132 2171 ’
244 2149 730 2224 tutiorem.Cic.Tueo.8,9,18.
765 2153 820 2209 Sed
846 2152 1017 2223 disputamus
1038 2155 1068 2208 in
1092 2157 1186 2224 aliqua
1207 2178 1242 2213 re

245 2243 420 2298 observando
438 2242 487 2294 vel
506 2240 660 2311 iudicanda.
694 2241 808 2313 Terent.
830 2242 915 2295 Andr.
937 2242 1013 2295 Prot.
1027 2238 1070 2293 15.
1088 2243 1117 2294 id
1139 2246 1181 2296 isti
1198 2248 1240 2297 vi-

189 2386 192 2391 ,
243 2335 369 2407 tnpmont
389 2329 497 2398 sactum
518 2335 599 2396 atque
618 2329 647 2380 iri
669 2344 698 2380 eo
719 2327 856 2397 diopetam
879 2327 1056 2380 contaminari
1077 2332 1241 2384 condecere

192 2416 195 2423 ’
235 2402 378 2493 Ῐ(ι51ι1ιιὲ.“ΙΙ
755 2432 757 2434 ’
928 2410 930 2414 ’

276 2513 414 2587 Progredi
428 2514 501 2567 colet
515 2511 604 2566 oratio
626 2510 720 2566 verbis
739 2515 768 2566 in
782 2531 841 2581 quo·
878 2513 936 2566 Cic.
955 2515 991 2567 ad
1011 2516 1091 2568 Fam.
1112 2515 1144 2579 2,
1161 2513 1193 2580 9,
1209 2516 1237 2570 3,

241 2603 393 2667 incredibile
404 2601 539 2668 barsuma
555 2600 692 2650 obiicitur:
708 2605 811 2667 repente
829 2616 890 2651 cero
906 2599 999 2651 incessi
1019 2602 1136 2652 omnibus
1158 2602 1236 2654 laeti-

220 2668 299 2744 ¹tiier
320 2688 349 2740 in
364 2705 413 2755 quo
429 2704 509 2754 qnam
524 2685 694 2753 adiungerer,
711 2685 779 2751 qood
794 2685 876 2735 nimio
891 2684 994 2752 gaudio
1007 2702 1072 2753 pene
1081 2686 1236 2754 desiperem,

241 2775 283 2826 ita
303 2788 345 2825 me
359 2771 540 2839 defendebam.
575 2767 608 2817 de
632 2764 869 2836 off.1‚11,35.
890 2786 950 2820 mea
975 2770 1076 2834 quidem
1097 2773 1232 2836 sententia,

215 2914 216 2921 ¹
240 2859 312 2930 poci,
333 2873 401 2923 puae
415 2854 483 2905 nibil
497 2851 619 2903 habitura
631 2852 666 2902 cit
680 2850 848 2917 insidiarum,
867 2870 967 2920 semper
985 2861 1022 2906 eet
1042 2858 1231 2909 consulendum.

238 2943 275 2997 la
292 2950 342 3009 pao
364 2940 388 2992 oi
409 2938 475 2990 mibi
496 2942 560 2987 ercet
582 2935 788 3000 obtemperatum
807 2963 841 2978 -·
860 2938 978 3007 olipuarn
995 2941 1182 3010 rempublicam
1195 2967 1229 2983 ··

26 3095 30 3109 x
78 2982 80 2986 ι
110 3049 128 3098 χ
191 3076 195 3081 ,
238 3028 398 3082 moeremus.
434 3019 550 3089 Quintil.
565 3016 592 3082 i,
607 3016 634 3083 4,
650 3017 693 3070 10.
794 3026 823 3053 ψ’

104 3203 106 3207 .
167 3126 169 3135 ’
253 3141 308 3202 35.
337 3131 461 3198 Multae
486 3128 584 3192 huius
617 3131 746 3217 generis
777 3131 940 3199 dictiones
971 3135 1229 3222 proficiscuntur

99 3258 102 3262 ·
172 3247 215 3291 ex
231 3221 390 3290 orationis
406 3214 633 3280 contractione
660 3238 697 3280 ac
712 3216 882 3284 brevitate.
925 3222 1135 3308 Numquam
1162 3223 1228 3287 hoc

90 3328 93 3333 “
172 3309 364 3377 madores,
385 3303 419 3366 in
438 3320 501 3386 qua
517 3301 593 3386 quie
614 3301 742 3389 agendo
763 3317 925 3382 vereatur,
952 3307 1149 3394 designanda
1172 3310 1226 3383 sit,

171 3395 262 3483 qaod
288 3387 463 3481 participio
487 3386 624 3452 velatio
646 3390 943 3456 nomineadiecto
959 3394 1151 3478 insignitur,
1183 3415 1225 3457 eo

169 3480 295 3544 omisso
311 3496 414 3541 unum
432 3495 554 3538 nomen
573 3494 648 3538 cnm
663 3479 909 3563 praepositione
925 3479 963 3542 in
979 3477 1225 3560 coniungimus.

57 3594 60 3603 ¹
169 3565 209 3632 ld
239 3563 311 3628 lieri
344 3561 454 3646 coepit
480 3560 519 3623 ab
550 3581 589 3623 eo
624 3563 771 3626 maxime
806 3555 976 3650 tempore}
1015 3583 1081 3648 quo
1110 3562 1225 3650 lingua

63 3676 72 3714 ·.
133 3730 135 3735 .
166 3650 266 3718 latina
282 3649 435 3714 notiones
451 3646 651 3734 cogitatione
668 3647 828 3714 abstracta
847 3650 1033 3737 exprimere
1047 3647 1188 3714 solebat.

270 3768 331 3822 Liv.
355 3766 406 3834 39,
423 3766 474 3831 25,
490 3764 516 3818 Β.
542 3785 622 3836 opera
641 3786 731 3845 eorum
754 3770 784 3821 in
805 3769 936 3821 eeroilibra
959 3770 1035 3821 abuti
1055 3770 1220 3826 ministeriis.

233 3854 254 3909 i.
269 3871 294 3907 e.
311 3852 491 3920 imponendis.
525 3851 641 3922 Quintil.
662 3853 704 3918 lo,
718 3850 745 3918 5,
762 3852 805 3904 11.
828 3853 857 3905 in
872 3852 921 3904 boc
941 3854 1038 3924 optime
1055 3856 1162 3922 fument
1177 3858 1221 3910 in·

224 3940 321 4008 finitae
336 3939 502 4008 quaestiones.
520 3935 540 3991 i.
556 3956 582 3991 e.
599 3937 628 3991 in
642 3940 696 3992 hoc
711 3936 848 3991 iaciendo.

270 4039 332 4094 Liv.
348 4041 375 4107 2,
390 4040 433 4108 53,
447 4040 473 4094 4.
491 4043 520 4096 tn
542 4044 637 4096 maleta
655 4047 830 4123 temperarant
852 4038 959 4094 adoni.
977 4040 996 4094 i.
1016 4058 1041 4097 e.
1057 4040 1087 4097 ia
1113 4045 1218 4102 mahta

13 4149 61 4195 „a
178 4128 195 4193 ,’
232 4126 429 4185 moenimenta.
461 4127 492 4181 ln
505 4128 552 4184 der
566 4129 656 4199 &rose
671 4125 869 4198 noyagteneir
882 4123 946 4180 cici.
