2632 4770
166 272 259 336 me
333 315 356 353 „
692 255 753 328 ΙΝ.

264 416 325 472 nt.
341 415 454 473 carttn
469 413 505 468 aa
517 409 546 479 e,
558 409 620 468 eu.
646 376 814 472 oeterni.
828 410 942 480 aero.
960 411 1099 467 ..tertam
1112 419 1152 469 ea
1166 413 1194 466 a
1209 429 1262 468 ...a

268 506 326 560 te'la
341 505 404 579 loci.
437 499 494 554 vid.
509 517 536 554 n.
550 499 595 553 22.

283 661 338 724 20.
367 657 456 731 Haec
481 653 583 742 igitur
599 651 743 717 'directio
765 639 878 739 potest
902 673 973 717 esse
995 652 1114 717 action'
1243 665 1305 718 e‘·

204 752 261 811 aut
283 766 354 808 nou
376 740 507 808 infensa
531 738 655 826 aliquid
681 739 812 826 attingit
841 737 891 803 rel
920 760 1021 826 comp
1036 741 1173 820 entitur,
1205 750 1263 804 aut

204 826 496 894 bbffi‘oifensroue
518 829 693 890 coniuncta
717 825 862 911 aliquem
883 823 1020 890 invadit.
1073 825 1157 888 lttad
1183 826 1264 889 aliea

206 898 715 1065 wffiffiwcoit‘tm:
738 909 782 974 ef.
810 909 852 975 T.
875 894 1067 998 sis-1323&
1090 911 1264 977 Drakenb.

206 1001 335 1067 cdliv.
381 1001 442 1089 pit.
459 1003 514 1087 21.
549 982 802 1063 ltffib‘iessnitur
817 996 851 1060 in
868 1007 962 1084 grato
980 998 1092 1063 animo
1110 1009 1142 1061 et
1157 997 1264 1062 bene-

205 1085 370 1167 volentia,
398 1083 465 1149 hoc
489 1086 525 1149 in
546 1083 777 1170 qualicumque
798 1082 981 1147 inimicitia.
1022 1083 1191 1148 Differunt
1214 1095 1264 1148 ta·

204 1193 285 1237 men
308 1171 388 1236 istae
411 1170 682 1258 praepositiones.
733 1168 820 1232 Nam
846 1190 934 1256 erga
956 1169 1112 1257 ponitur,
1141 1169 1199 1234 ubi
1223 1170 1265 1235 de

206 1257 321 1325 ultimo
337 1278 498 1332 converso
516 1256 604 1320 etad
620 1253 742 1341 aliquid
759 1253 848 1319 flexo
870 1276 981 1319 sermo
1002 1255 1128 1334 est‚,ira
1153 1266 1265 1321 autem

111 1382 114 1387 ·
205 1341 331 1409 iudicat
346 1343 495 1408 animum
519 1342 681 1406 directum
707 1349 739 1404 et
762 1350 1013 1426 penetrantem:
1035 1341 1137 1427 idque
1155 1343 1266 1406 maio-

110 1451 113 1460 ·
207 1450 283 1495 rem
300 1428 366 1494 vim
392 1429 459 1493 sive
479 1427 609 1492 consilii
633 1427 701 1491 sive
719 1427 858 1490 actionis
878 1425 1045 1513 declarate
1061 1449 1265 1513 quamquam

196 1513 276 1605 'hoc
293 1515 350 1612 qui
366 1514 550 1597 loquuntur
567 1534 638 1577 non
658 1533 791 1598 semper
812 1512 1008 1599 respiciunt,
1032 1523 1069 1577 ut
1093 1514 1128 1577 in
1151 1515 1265 1579 multia

210 1598 388 1666 discrimen
406 1609 584 1668 evanescat.
628 1596 680 1663 cf.
696 1598 840 1683 Herzog.
857 1597 900 1662 ud
917 1597 1051 1663 Sallust.
1068 1598 1138 1695 Cat.
1154 1604 1186 1682 9,
1203 1606 1235 1664 2.

313 1740 371 1794 (lic.
387 1741 422 1793 tle
440 1740 517 1794 Orat.
540 1741 566 1805 l,
581 1737 626 1807 44,
641 1736 703 1791 193.
728 1756 778 1807 quo
800 1754 887 1792 amore
908 1739 1013 1792 tandem
1033 1741 1193 1808 inflammati
1215 1758 1267 1794 esse

278 1827 397 1880 debemus
411 1826 438 1877 in
455 1826 580 1878 eiusmodi
591 1826 715 1897 putrium.
749 1823 777 1886 2,
794 1820 838 1886 40,
854 1821 914 1875 168.
934 1842 986 1892 qna
1000 1842 1046 1876 noc
1061 1826 1091 1877 in
1106 1826 1200 1878 liberos
1219 1844 1268 1877 no-

279 1917 345 1962 ctroc
364 1910 610 1979 indulgentiarum
633 1909 761 1960 debemur.
805 1907 882 1961 Oret.
898 1907 950 1974 38,
973 1907 1033 1960 133.
1058 1911 1090 1962 tle
1114 1911 1168 1961 cuis
1183 1911 1268 1976 factio

278 1994 392 2047 conciliis
411 1995 508 2046 meritis
532 1996 561 2045 in
592 1994 778 2060 rempublicam
808 2003 1010 2063 aggressusest
1033 1995 1124 2046 dicere.
1167 1995 1268 2063 virgil.

278 2079 346 2132 Aen.
368 2075 402 2141 1,
424 2076 485 2130 lut.
510 2077 606 2147 regina
629 2078 741 2145 quietum
763 2080 859 2148 accipit
882 2080 912 2132 in
931 2081 1038 2134 Teucro:
1055 2080 1183 2132 animum.
1218 2079 1268 2132 ubi

281 2160 398 2216 Servius
410 2179 459 2230 pra
477 2163 591 2215 Teucria

310 2279 424 2333 Sueten.
439 2280 511 2349 Aug.
527 2279 570 2333 tt.
587 2281 640 2334 illie
653 2282 683 2334 in
699 2283 839 2335 multorum
855 2299 1076 2352 coepeperacnnm
1085 2297 1134 2350 per
1147 2279 1268 2351 gratiam

281 2371 308 2418 et
319 2382 409 2435 precer
424 2366 607 2429 exorabilibus,
622 2366 691 2418 solue
706 2385 804 2437 magno
820 2385 894 2436 opere
909 2368 1056 2430 contendit,
1074 2384 1107 2417 ne
1119 2367 1163 2417 eui
1173 2381 1269 2434 parce-

280 2457 361 2503 retur.
404 2451 482 2505 θεοῦ.
497 2445 541 2502 26.
561 2451 661 2503 nullum
679 2477 714 2491 -
740 2453 889 2520 officioram
909 2452 938 2504 in
961 2469 1112 2522 memoriam
1132 2468 1219 2522 genae
1234 2476 1269 2492 -

244 2543 246 2547 ’
282 2535 379 2587 emnil.
602 2537 604 2541 '

265 2694 267 2698 Α
316 2649 374 2704 cie.
390 2650 424 2704 de
438 2650 501 2706 Nnc.
517 2651 543 2704 d.
564 2651 598 2716 3,
611 2648 661 2717 34,
676 2649 719 2705 84.
740 2653 780 2706 ito
799 2654 835 2705 acl
852 2653 1012 2723 impietatem
1033 2655 1062 2706 ira
1078 2655 1156 2721 deoc,
1173 2656 1201 2707 in
1222 2656 1271 2708 bo-

168 2744 172 2767 *
234 2802 236 2807 Α
283 2737 364 2790 minet
377 2737 648 2792 atramentarium.
672 2736 988 2803 intramurana,
1006 2739 1050 2806 qai
1069 2740 1269 2810 buccegerant‚

283 2820 408 2889 impetum
417 2827 544 2890 facturam
556 2822 667 2874 cibetur.
703 2823 843 2876 Claudiurn.
861 2824 933 2876 Bell.
953 2821 1148 2875 uirtutum
1164 2829 1270 2890 fratrer

282 2905 368 2957 media
382 2905 512 2958 incendia
525 2907 622 2958 Mauro
639 2908 767 2962 nascitur.
800 2900 877 2961 Malo
899 2908 1032 2962 Barthiue
1054 2908 1156 2976 accepit
1171 2924 1220 2975 pro
1238 2908 1268 2958 in

283 2985 427 3042 fratribus.
462 2991 512 3069 blut
526 2996 622 3045 contra
636 2992 748 3045 fratrea.

320 3105 433 3160 Sallust.
447 3107 509 3173 Gal.
523 3107 550 3172 9,
564 3106 592 3162 4.
610 3113 654 3179 qai
668 3120 757 3165 contro
771 3113 908 3181 imperium
922 3113 953 3165 in
966 3113 1063 3166 luentem
1075 3119 1271 3183 pugnauerant.

285 3189 335 3243 ubi
349 3191 468 3245 cortina.
502 3190 563 3246 Liv.
577 3194 630 3261 30,
651 3194 702 3261 34,
726 3195 769 3248 13.
793 3198 884 3268 prima
906 3200 1069 3268 ariopalto,
1091 3201 1121 3250 in
1133 3197 1273 3250 necandam

269 3277 434 3353 'pugnabat
468 3276 565 3353 lustin,
584 3279 707 3346 t,1,1.
726 3282 789 3333 bello
811 3284 841 3334 in
863 3283 1000 3335 Graeciam
1019 3283 1161 3350 infeliciter
1182 3289 1274 3351 gesta:

287 3359 324 3412 tle
338 3376 392 3428 quo
408 3358 472 3413 vide
495 3360 568 3417 inira
593 3365 650 3432 111,
667 3365 694 3419 3.
719 3366 810 3420 Tacit.
825 3367 895 3420 Anu.
914 3367 963 3432 12,
984 3367 1027 3421 32.
1048 3369 1140 3420 riantur
1163 3367 1226 3419 inde
1247 3368 1274 3418 ia

288 3444 396 3514 Cnagoe
424 3449 558 3504 euerritur.
592 3450 642 3504 ubi
666 3451 802 3505 walther.
836 3451 896 3503 Vid.
917 3453 1055 3505 Drakenb.
1086 3450 1120 3501 ad
1144 3448 1206 3500 Liv.
1229 3450 1274 3516 lb,

288 3529 340 3594 19,
353 3527 379 3581 3.
414 3529 513 3600 Virgil.
536 3534 602 3593 bea.
620 3532 653 3601 5,
671 3536 732 3589 257.
748 3538 829 3591 caeoit
846 3565 879 3576 -
895 3537 922 3589 in
944 3553 1030 3587 aaron
1064 3535 1153 3586 Pluut.
1168 3535 1229 3587 Aul.
1247 3535 1275 3599 3,

288 3613 322 3680 5,
337 3615 381 3667 12.
398 3614 426 3667 in
447 3618 580 3682 paucior-ee
598 3623 688 3675 uvidae
703 3624 835 3677 altercatio
850 3629 895 3674 eet.
930 3621 1041 3674 Sueten.
1055 3619 1134 3671 Caes.
1148 3617 1189 3670 12.
1209 3628 1277 3673 corte

287 3700 365 3752 iudex
378 3701 489 3752 iareum
504 3704 604 3758 ductae.
639 3706 729 3760 Tacit.
743 3708 813 3760 Anu.
828 3705 854 3770 5,
869 3704 895 3757 i.
916 3721 994 3774 qaam
1010 3705 1038 3755 in
1048 3705 1174 3756 Blaesum
1190 3705 1277 3757 multo

283 3785 417 3854 foedaque
432 3784 611 3843 incaaaaiceet.
645 3791 753 3858 Lipaiue
766 3791 849 3845 eiecit
862 3791 898 3845 in.
932 3788 1032 3844 Florae
1045 3787 1072 3857 4,
1087 3789 1131 3856 12,
1145 3787 1171 3842 6.
1188 3791 1215 3842 in
1229 3791 1277 3843 boe

229 3852 245 3879 ‘
289 3868 475 3938 expeditionem
488 3871 542 3939 ipre
555 3877 676 3945 eumpeit.

270 4041 274 4052 ,
319 3986 387 4042 tur.
401 3988 437 4054 i,
449 3994 501 4059 4⁰,
515 3991 559 4045 lt.
576 4010 640 4063 ergo
657 4011 702 4048 aar
714 3996 791 4065 ptiar
801 3995 832 4047 in
847 4011 887 4048 nee
906 3993 1060 4048 strinxeritis
1071 4002 1177 4067 serrum
1196 4013 1278 4064 qnam

288 4073 317 4127 in
337 4092 381 4130 oet
405 4095 465 4152 ego.
504 4077 585 4139 evit.
601 4078 669 4132 Nnc.
690 4077 751 4135 124.
771 4080 870 4151 mritgi
890 4079 985 4134 cultior
999 4080 1031 4133 ia·
1051 4098 1100 4134 eun
1115 4082 1182 4142 colla
1196 4082 1279 4134 videt.

568 4364 573 4402 l
