2632 4770
115 269 267 355 4,εεε
358 237 361 242 ’
528 234 533 253 ’
657 258 808 328 INTER.

279 416 473 470 multitudinem
496 414 623 470 sociorum
646 416 733 471 italici
754 417 860 488 generis
883 445 917 456 -
945 423 1001 472 tres
1024 421 1151 491 componi
1175 406 1273 494 equites

276 509 363 555 crunt.

202 610 207 616 '
313 605 372 658 Cic.
393 603 470 656 Orat.
482 603 532 668 29,
548 602 609 655 lot.
628 621 695 656 unus
717 605 810 658 eminet
832 605 901 658 inter
922 623 1010 658 omnes
1031 607 1061 660 in
1081 598 1159 662 omni¹
1174 630 1273 682 genero

278 689 389 741 dicendi.
421 689 511 739 Plaut.
526 690 611 741 Pocn.
626 688 652 755 5,
666 686 693 754 4,
708 688 753 741 21.
773 691 840 743 sicut
861 692 936 746 tonte
954 709 1000 744 not
1014 693 1082 747 inter
1102 697 1173 749 aiios
1189 717 1272 768 prae-

279 775 393 827 stitimus
405 774 588 842 pulcritudine.

314 874 375 927 niv.
397 873 430 939 2,
454 873 505 941 14,
530 877 556 928 1.
581 893 651 940 mos,
672 877 787 929 traditus
801 877 835 929 ab
853 879 984 947 antiquit,
1003 897 1081 948 usque
1098 883 1135 935 ud
1153 890 1273 937 nostram

281 967 393 1012 aetatem
416 959 483 1011 inter
502 968 588 1014 cetera
608 961 736 1013 solemnia
756 968 841 1013 manet
864 963 940 1035 bonis
959 966 1104 1017 vendendis.
1138 966 1165 1030 3,
1183 967 1230 1032 lb,
1246 967 1272 1020 6.

279 1045 348 1102 ,inter
361 1044 417 1096 alia
432 1046 558 1116 prodigia
576 1055 601 1099 et
616 1062 722 1098 caraem
736 1046 815 1113 pluit.
846 1045 930 1112 246,
945 1046 973 1100 4.
994 1049 1064 1102 inter
1079 1051 1210 1119 primores
1225 1070 1274 1122 ge-

280 1146 329 1180 uun
345 1129 452 1196 sobiam
466 1130 570 1200 insigne
589 1131 735 1200 spectaculo
754 1132 917 1200 exemploque
938 1133 1033 1186 ciuibus
1058 1144 1122 1188 erat.
1158 1137 1273 1193 Sueton.

280 1214 361 1298 Gaea:
375 1211 418 1268 49.
436 1216 531 1268 milites
546 1219 600 1268 eius
620 1216 689 1267 inter
711 1224 795 1269 cetera
815 1219 951 1283 carmina,
971 1221 1060 1287 qualia
1078 1239 1184 1274 currum
1208 1242 1274 1293 pro-

187 1350 190 1357 ,
278 1299 575 1368 sequentedioculariter
594 1309 700 1364 canunt,
715 1303 793 1353 etiam
811 1303 1024 1371 uulgatissimum
1036 1305 1102 1358 illud
1114 1310 1275 1375 pronuntia-

279 1393 379 1438 verunt.
411 1386 482 1455 Aug.
499 1383 541 1438 98.
560 1387 721 1440 interturia
735 1388 888 1439 munuscula
903 1395 983 1458 togas
1007 1388 1112 1459 insuper
1135 1410 1167 1445 ac
1182 1396 1272 1462 pobbo

280 1470 421 1524 distribuit.
736 1481 738 1486 ’

316 1571 418 1637 nina
433 1572 476 1638 1⁰,
492 1571 519 1624 Ἰ.
531 1574 607 1627 ,intur
620 1581 705 1626 cetero
725 1573 871 1638 monitum,
889 1581 920 1627 at
942 1576 1109 1629 seditionibus
1132 1580 1276 1636 obstinere-

280 1667 333 1714 tur.
355 1658 373 1712 i.
389 1676 413 1711 c.
432 1676 496 1711 cum
513 1658 621 1712 cetenis.
655 1657 699 1724 36,
714 1657 758 1724 38,
772 1657 800 1712 4.
817 1661 887 1714 inter
906 1667 989 1713 cetero
1001 1656 1081 1715 eiiam
1094 1663 1197 1734 uigiliis
1213 1684 1275 1721 con-

177 1773 181 1779 ·
231 1786 234 1791 »
255 1801 262 1815 ,
278 1747 356 1816 sceti.
373 1746 393 1798 i.
412 1761 437 1796 e.
454 1749 566 1812 praeter
580 1751 680 1799 cetera

316 1847 489 1917 verbm-gius
517 1847 545 1900 in
568 1847 769 1902 Chrestomuth.
792 1849 903 1902 Petron.
939 1842 1045 1919 122191.
1082 1850 1273 1911 Burmannum

281 1935 417 2004 castigat,
437 1932 484 2000 qui
498 1933 567 1985 inter
583 1949 645 1984 cum
660 1933 837 1985 substantivis
860 1933 1009 2002 singularis
1029 1936 1138 1989 numeri
1158 1957 1271 2009 compo-

281 2025 388 2073 nuernts
416 2019 484 2070 inter
505 2019 628 2086 uulgum,
653 2018 938 2088 incompetentem:
965 2037 1001 2074 nn
1022 2022 1099 2088 iure,
1119 2023 1271 2080 declarabit

230 2134 233 2141 ·
282 2105 471 2172 exemplorum
486 2108 580 2156 nostru
595 2099 731 2152 collectio.

204 2319 209 2326 ἡ
293 2239 326 2303 t.
346 2240 421 2305 Hoc
436 2238 535 2304 eliam
553 2235 729 2318 diciturqde
746 2234 798 2321 iis,
824 2260 906 2326 quae
927 2239 1061 2321 alicuius
1076 2255 1153 2307 sunt
1168 2268 1275 2332 gene-

211 2321 279 2386 εἰει
299 2325 389 2394 velut
403 2325 495 2391 inter
519 2345 612 2389 exem
638 2321 675 2387 ta
691 2345 762 2389 ecee
779 2348 843 2412 pro
860 2328 1051 2414 exemplum
1072 2333 1138 2395 sive
1160 2335 1197 2396 in
1216 2358 1278 2399 ex..

184 2456 189 2473 .
211 2409 329 2497 emplis
347 2435 397 2478 ess
418 2460 428 2495 ,
454 2434 517 2502 apu
599 2431 714 2493 rmum,
739 2412 915 2478 Senecame
936 2413 1063 2501 dequo
1081 2419 1276 2507 Wopkens.

167 2591 171 2598 ⁴
191 2584 194 2590 .
211 2496 248 2562 in
263 2499 352 2564 Actis
371 2499 403 2564 T
405 2501 519 2565 raiect.
540 2496 584 2562 T.
600 2497 632 2560 4.
654 2519 690 2584 p.
708 2502 782 2564 369.

325 2621 416 2675 Tacit
430 2621 500 2674 Ana.
516 2619 560 2685 11,
575 2614 620 2670 24.
641 2620 709 2686 quod
729 2619 805 2672 bodie
820 2621 941 2689 exemplis
959 2627 1078 2685 tuemur,
1098 2623 1168 2676 inter
1191 2644 1276 2679 erem-

279 2707 329 2776 plo
351 2709 409 2760 erit.
445 2706 542 2759 Senec.
560 2701 647 2769 Epist.
662 2700 705 2766 98,
721 2702 765 2754 13.
782 2722 831 2757 noc
844 2723 940 2772 quoque
956 2707 1058 2772 aliquid
1073 2715 1098 2759 et
1115 2709 1167 2777 ipsi
1179 2712 1277 2776 sacia.

278 2808 338 2845 mus
361 2794 493 2845 unimores
522 2790 603 2843 timus
626 2787 697 2840 inter
717 2790 840 2856 exempla.
876 2787 962 2840 Solia.
983 2789 1083 2857 Polyh.
1106 2789 1131 2844 4.
1160 2794 1276 2864 Pompo.

278 2878 351 2930 nium
368 2896 406 2917 ’-
420 2889 562 2944 numquam
578 2879 710 2937 mutusne,
728 2873 836 2926 babetur
850 2872 920 2924 inter
936 2874 1062 2941 exempta.

217 3064 220 3069 ·
294 3032 326 3097 5.
357 3029 448 3094 Inter
471 3049 523 3091 res
549 3033 713 3104 versatur,
733 3023 790 3110 qui
813 3022 1034 3087 circumdatur
1056 3023 1112 3098 iis,
1136 3036 1194 3089 aut
1220 3032 1276 3116 qui

112 3176 119 3187 ,
211 3106 297 3180 circa
315 3139 368 3180 ens
391 3120 630 3176 commoratur.
675 3109 788 3188 Quare
812 3109 872 3185 hac
898 3111 1145 3196 praepositione
1173 3117 1273 3180 eliam

107 3223 109 3234 ¹
210 3202 303 3286 r‘cgio
325 3199 513 3282 designatur
531 3204 564 3256 ct
579 3193 691 3276 locus,
713 3195 746 3258 in
765 3215 832 3278 quo
847 3197 919 3281 quis
938 3195 1092 3262 incedens
1111 3212 1271 3267 versatur.

142 3292 143 3296 ’
211 3288 276 3352 Sed
295 3296 328 3351 et
343 3281 537 3369 simpliciter
556 3303 619 3383 pro
637 3280 733 3380 opud
749 3280 881 3345 dicitnr.

314 3400 473 3467 Phocdu..4‚
488 3401 532 3467 23,
546 3399 574 3471 5.
591 3418 679 3455 moror
694 3403 765 3455 inter
782 3420 860 3469 aroc,
877 3402 995 3472 templa,
1009 3402 1135 3474 perlustro
1153 3408 1244 3459 omnia.

324 3507 383 3561 cic.
398 3507 438 3561 {ad
454 3508 510 3561 Act.
526 3503 553 3571 4,
569 3503 596 3557 3.
618 3507 766 3573 assequitur
780 3505 847 3559 inter
863 3506 933 3558 lucos
947 3496 1074 3558 bominem
1097 3508 1171 3560 Milo.
1203 3509 1266 3561 llin-

277 3591 328 3660 gil.
346 3591 412 3644 Aen.
429 3591 456 3656 3,
473 3588 534 3643 646.
553 3608 632 3659 quam
646 3591 728 3641 uitam
742 3590 770 3641 in
783 3591 873 3653 siluis,
892 3592 963 3642 inter
981 3593 1079 3642 deserto
1087 3596 1209 3659 serarum
1225 3597 1269 3647 lu-

275 3685 329 3730 stra
345 3680 482 3745 domosque
499 3677 586 3730 troico.
620 3674 654 3740 b,
670 3673 730 3727 658.
750 3684 872 3728 canentes
894 3677 962 3727 inter
977 3677 1115 3727 odoratum
1136 3679 1207 3732 lauri
1222 3699 1270 3732 nc-

275 3780 342 3815 mus.
376 3761 403 3826 8,
419 3751 480 3814 tut.
498 3768 528 3814 at
551 3763 634 3813 Venus
650 3761 778 3813 aetherios
793 3762 864 3811 inter
878 3761 928 3810 dea
948 3761 1061 3812 candida
1080 3762 1177 3813 nimbos
1200 3766 1271 3816 dono

272 3850 365 3914 sereno
384 3848 486 3899 aderat.
522 3845 586 3898 Alta
608 3845 672 3897 vide
693 3844 765 3912 apud
784 3845 951 3913 Wagnerum
971 3843 1005 3895 ad
1026 3844 1121 3912 Eclog.
1138 3846 1163 3909 1,
1181 3844 1225 3899 51.
1243 3848 1271 3901 in

276 3947 330 3998 quc
347 3931 408 3983 loco
427 3929 620 3982 difficultatem
635 3929 732 3989 *nescio
749 3944 784 3980 an
800 3927 845 3979 nir
860 3927 956 3978 doctus
971 3928 1202 3983 demonstratione
1220 3950 1271 4000 po-

274 4014 330 4067 tius
344 4015 467 4079 auxerit,
484 4031 566 4082 quam
580 4012 723 4066 minueritr
747 4029 812 4065 nam
828 4014 929 4064 verbu:
950 4014 1017 4065 inter
1025 4016 1142 4081 flumina
1165 4026 1230 4070 nota
1248 4027 1271 4072 et

273 4102 362 4166 sontes
378 4116 464 4155 saeros
477 4101 573 4171 ,trigue
589 4100 706 4170 captabis
726 4115 854 4170 opacam,
872 4098 1016 4168 regionem
1033 4097 1195 4170 designante
1215 4103 1272 4158 cir-
