2654 4770
389 293 393 315 ,
469 239 725 309 inaurium.
913 213 915 221 ‘
987 256 990 263 ·
1054 235 1115 313 ns

71 416 139 486 que
161 396 252 463 enim
267 391 500 468 demonstrarit
518 396 640 485 poterit
662 397 807 464 lit-teram
822 416 847 463 n
870 400 1116 488 peragcgicam,
1161 386 1163 391 ¹

71 483 116 550 ad
133 483 259 547 hiatum
274 481 477 568 explendum
491 482 739 569 interpositum,
755 487 877 551 mutari
894 488 927 550 in
945 505 988 559 r,
1008 509 1033 551 n·
1075 508 1117 551 ue

68 568 263 656 comparari
277 585 301 630 n
315 565 426 632 -ttnatis
438 568 476 633 in
493 569 650 633 extremis
665 569 773 633 verbis
795 570 907 649 baed,
928 569 1006 652 sed,
1025 571 1056 636 it
1068 571 1117 636 ud

70 677 152 722 cam
168 674 192 719 r
208 661 420 717 commutata.
463 652 708 718 Lindemanaus
722 655 733 717 i
757 656 821 719 itur
833 655 877 720 de
896 654 1058 720 Aduerbio
1083 658 1117 722 4.

68 764 106 832 p.
125 745 178 804 11.
195 737 284 804 etad
300 736 404 802 etant.
419 736 491 803 Mil.
506 740 539 820 4,
556 743 589 815 8,
601 741 655 804 55.
672 741 739 803 seri
783 741 886 806 ndum
902 751 1015 806 censet
1028 742 1119 808 iten-

68 824 214 901 didem,
238 833 277 888 ut
291 823 515 910 compositum
532 824 678 890 videatur
693 845 736 890 ex
761 826 844 890 item
864 835 899 891 et
923 825 1033 907 idem,
1059 827 1118 891 ad·

71 911 143 976 dita
165 907 406 1007 deupbonica.
456 907 619 995 Equidem
643 930 713 972 noa
739 910 885 976 arbitror
904 921 940 976 et
961 912 1119 1000 copulam

70 1019 146 1063 esse
165 996 391 1071 interiectam,
425 993 486 1056 sed
523 1015 626 1079 qtutm
644 993 739 1075 idem
759 1006 913 1060 acturum
934 1017 1001 1084 pro
1033 996 1119 1062 item

72 1082 139 1148 diei
155 1079 275 1169 possit,
298 1089 330 1143 et
348 1078 532 1143 idemidem
548 1080 706 1166 componi
727 1080 761 1144 in
777 1082 914 1145 modum
938 1082 1119 1147 verborum

71 1178 161 1246 tttat,
184 1163 349 1254 quidquid
357 1186 454 1248 ,non
473 1164 599 1244 dubito,
622 1167 719 1250 quin,
743 1185 767 1229 n
792 1167 900 1232 tittera
914 1169 1044 1245 inserta,
1066 1166 1119 1232 fa-

73 1263 169 1318 ctum
188 1253 230 1315 sit
251 1249 468 1329 idendidem,
487 1247 597 1335 idque
612 1241 664 1314 rel
689 1250 813 1338 vulgari
839 1253 1119 1340 pronuntiatione,

71 1340 127 1407 vei
145 1335 236 1424 quod
255 1346 288 1399 et
304 1335 435 1400 subesse
450 1330 670 1420 grammaticis
686 1337 791 1400 risum
808 1348 907 1415 esset,
928 1337 962 1400 in
988 1337 1119 1402 identi-

70 1422 154 1490 dem
170 1432 345 1486 mutatum.
386 1420 563 1484 Duriorem
579 1422 667 1484 euim
682 1420 823 1486 litteram
841 1423 875 1486 in
891 1442 952 1485 usu
977 1425 1120 1509 scripto-

73 1530 153 1576 rum
172 1506 275 1571 fuisse
302 1515 415 1593 aperte
432 1505 575 1570 declarat
596 1506 785 1571 Priscianus.
827 1506 877 1572 De
890 1506 1007 1571 litteris
1027 1530 1065 1572 m
1085 1517 1121 1572 et
1187 1549 1191 1553 ν

71 1619 117 1675 n,
136 1590 314 1679 dequibus
341 1590 496 1655 Cellarius
520 1590 682 1676 Orthogr.
708 1615 741 1678 p.
759 1593 834 1656 256.
857 1592 1025 1677 disseruit,
1050 1615 1121 1658 non

72 1701 195 1764 magna
211 1677 273 1741 crit
289 1675 466 1758 dissensio,
489 1675 594 1740 modo
616 1677 876 1762 reputaverimus
897 1699 935 1741 m
955 1677 1120 1764 scriptum

71 1773 187 1837 nutet
211 1783 344 1826 sonasse
365 1784 400 1825 n.
461 1762 572 1841 Quare
594 1773 682 1826 reete
711 1762 889 1827 scribemus
918 1761 1117 1827 idendidem
1143 1797 1147 1805 -

70 1851 144 1916 sive
162 1845 391 1924 idemdidem,
414 1868 475 1911 nec
489 1857 600 1911 tamen
625 1848 931 1934 pronuntia-tionem
953 1849 1120 1914 imitantes
1180 1892 1183 1897 ·

72 1934 258 2003 errabimus
276 1930 452 1996 scribendo
469 1931 668 1998 identidem.

161 2043 314 2109 Glossae‘:
336 2039 535 2121 identidem,
556 2042 624 2125 παρ’
642 2043 756 2122 ἕκαστα,
775 2043 952 2124 incitetur,
965 2034 1120 2118 sinedrae.

74 2125 310 2194 Onomastica:
335 2131 474 2208 συνεχῶς.
516 2127 742 2191 Recentiores:
769 2131 927 2209 διηνεκῶς,
960 2120 1051 2203 αὖθις
1072 2127 1123 2193 nai
1193 2153 1194 2156 ¹

74 2208 179 2290 αὖθις.
222 2214 316 2293 Quae
340 2213 452 2275 omnia
477 2212 840 2295 significationemnon
866 2215 1015 2277 distincte
1038 2211 1122 2276 defi-

72 2302 182 2368 niunt.
226 2297 286 2361 Est
308 2298 394 2361 enim
412 2297 500 2360 idem
517 2297 693 2383 idemque,
712 2299 802 2384 quod
824 2321 861 2361 se
878 2298 976 2363 offert
992 2298 1121 2386 saepius

73 2386 178 2454 idem.
221 2382 261 2446 Id
277 2403 341 2469 pro
358 2380 512 2446 adverbio
532 2381 651 2446 dicitur
666 2384 743 2446 item
761 2383 925 2482 itemque,
944 2395 981 2447 -et
1005 2384 1045 2448 de
1066 2402 1123 2448 re-

75 2472 161 2550 bus,
183 2489 269 2557 quae
285 2489 354 2531 non
368 2467 473 2532 semel
487 2477 676 2546 recurrunt,
704 2466 761 2530 sed
778 2489 924 2553 saeptus,
946 2469 1013 2532 sive
1041 2489 1123 2553 quae

75 2560 199 2625 iterum
213 2555 399 2638 iterumque
423 2563 583 2638 aguntur,
616 2553 742 2639 saepius
760 2552 908 2617 iteratae.
951 2554 1035 2615 Vsus
1061 2572 1123 2617 vo·
1165 2567 1167 2571 ’

75 2642 187 2708 cabuli
217 2660 286 2703 non
317 2639 358 2702 ad
391 2659 506 2702 amnes
540 2637 717 2725 scriptores
745 2637 898 2725 pertinet.
948 2635 1123 2704 Terentius

74 2747 246 2815 nusquam
260 2724 380 2811 posuit.

166 2842 196 2904 1.
231 2833 335 2921 Igitur
358 2830 546 2895 identidem
567 2853 636 2895 non
659 2829 764 2895 modo
793 2831 833 2898 de
863 2855 903 2898 eo
934 2854 995 2899 usu
1038 2846 1123 2914 atur,

77 2921 177 3012 quod
191 2921 314 2985 iterum
334 2920 519 3003 iterumque
543 2916 647 2993 redit,
670 2916 734 2981 boc
758 2928 806 2981 est
828 2917 902 3005 plus
925 2942 1014 2984 seme
1034 2967 1044 2999 ,
1066 2921 1124 2984 sed

78 3009 184 3074 etiam
205 3006 245 3070 de
268 3026 327 3082 eo,
356 3002 445 3088 quod
470 3002 651 3066 admoduin
674 3001 864 3088 frequenter
889 3015 920 3070 et
939 3005 1053 3071 crebro
1075 3003 1124 3071 fit.

75 3091 170 3161 ntad
185 3101 234 3157 cst
245 3087 461 3160 winderholt,
486 3088 550 3152 hoc
566 3101 673 3152 autem
698 3088 757 3176 cst.

195 3210 287 3264 Plaut.
303 3209 375 3260 Men.
392 3205 458 3271 1,2‚
477 3206 521 3259 51.
537 3215 604 3260 nete
617 3225 678 3260 uror
692 3215 819 3274 sequatur,
836 3216 963 3283 respectas
977 3211 1124 3269 identidem.

83 3300 86 3307 '
155 3294 191 3348 ci.
207 3294 266 3347 Ces.
282 3291 347 3357 5,2‚
366 3290 408 3343 13.
427 3290 484 3347 cte.
501 3308 527 3357 p.
544 3290 642 3344 Rebir.
657 3291 749 3343 Posth.
764 3290 808 3355 12,
825 3288 868 3342 34.
882 3295 1037 3351 recitabatur
1051 3298 1126 3350 iden-

152 3379 232 3432 tidem
246 3377 359 3445 Pompeii
374 3375 556 3428 testimonium.
572 3375 591 3428 i.
611 3393 635 3428 e.
654 3374 716 3442 pins
740 3375 833 3428 semei.
864 3393 890 3442 p.
905 3377 991 3432 Domo
1005 3377 1048 3444 55,
1065 3379 1125 3435 140.

152 3462 366 3532 quemadmodum
379 3461 432 3511 ista
445 3460 617 3528 praeposteris
630 3460 709 3511 uerbis
726 3487 779 3523 -,
803 3460 941 3512 identidem
962 3479 989 3514 se
1005 3481 1126 3518 revocan-

156 3546 190 3598 do
208 3572 241 3586 -
259 3546 345 3598 onnia
360 3545 452 3607 aliter,
471 3562 502 3596 ac
517 3561 562 3595 aas
577 3534 606 3594 in
620 3544 790 3597 monrrmentis
806 3543 913 3606 bebetis,
934 3551 959 3604 et
970 3550 1126 3621 manantia-

153 3630 192 3683 rit
204 3635 229 3686 et
238 3631 338 3698 fecerit.
373 3630 451 3682 Caes.
473 3627 506 3679 B.
528 3627 604 3695 gall.
618 3627 653 3693 2,
671 3626 713 3679 lt.
741 3643 820 3693 quum
839 3643 865 3679 se
887 3627 927 3678 itii
947 3629 1086 3689 identidem
1100 3635 1127 3685 in

154 3713 231 3766 situas
246 3715 281 3766 ad
294 3729 352 3766 raas
364 3713 504 3782 reciperent
520 3719 544 3763 et
558 3728 647 3764 rarsae
665 3729 696 3765 er
709 3711 773 3762 sitan
790 3711 818 3763 in
833 3718 930 3767 nostres
947 3714 1070 3784 impetam
1077 3722 1127 3786 Ja-

158 3804 242 3850 cerent
257 3802 307 3850 etc.
326 3817 360 3851 na
373 3796 551 3851 niederboiten
568 3796 666 3850 Malea.
700 3791 883 3871 utrumn.
901 3813 978 3863 quam
986 3799 1128 3853 identidem

154 3882 239 3951 tegern
258 3883 390 3949 aemiliam
414 3882 543 3933 recitaret.
558 3880 577 3932 i.
594 3897 618 3933 e.
635 3880 696 3947 pins
721 3878 814 3930 semel.
847 3875 873 3942 b,
889 3877 932 3944 48,
948 3879 974 3932 4.
991 3883 1019 3939 in
1040 3887 1128 3952 quibas

154 3980 234 4034 marn
252 3966 391 4019 identidem
407 3966 478 4018 Galli
487 3968 588 4031 famens
602 3964 736 4016 adiicerent
755 3981 833 4032 eaque
852 3967 1002 4020 necesitate
1026 3969 1061 4018 ad
1082 3969 1128 4020 de-

154 4050 281 4106 ditionem
294 4057 419 4107 mearent
436 4054 489 4104 ete.
521 4046 567 4113 to,
579 4045 624 4114 tt.
638 4045 666 4103 t.
691 4046 806 4106 miritis
819 4048 955 4107 identidem
969 4051 1097 4109 utana
1113 4069 1128 4107 s
