2632 4770
496 252 683 355 urnmn.
1042 262 1104 325 sor

72 428 156 494 poro
178 409 322 477 maximo
344 406 466 475 serviro
489 407 682 494 putubatur,
711 428 833 494 nempe
853 418 892 473 ut
920 409 1011 475 vivo:
1048 412 1106 476 sed

47 542 51 547 .
74 493 321 579 propriumvim
339 492 514 557 verborum
528 495 574 579 sic
586 494 678 558 conci
705 514 759 558 ers
771 493 864 558 licet:
884 505 988 584 peret,
1003 516 1107 582 quum

72 579 218 640 nrsxime
241 588 374 659 mortuo
404 591 507 665 peret.
535 578 605 643 ‘lta
629 514 725 644 veris
750 578 822 642 und
841 580 1004 664 geuorcts
1025 579 1105 646 eben

75 662 153 726 dem
177 662 327 739 Testem,
347 663 405 727 ubi
419 674 640 751 opponuntur
655 665 829 748 praeterito
845 665 1005 750 tempori,
1026 664 1108 730 fiunt

73 747 146 811 und
158 750 324 836 geltercltt
341 747 423 813 ebert
447 748 533 813 neele
554 747 631 812 dem
649 748 790 815 Todten.
833 749 986 813 Eiusdem
1006 773 1106 837 gene-

74 836 118 898 ris
135 836 262 922 ellipsin
278 832 436 897 hebemus
451 835 485 903 in
522 854 604 897 rrum
616 835 774 900 maxime.
817 836 1011 921 Comparari
1026 858 1108 924 pos-

72 931 151 983 sunt
166 942 279 1006 graecu
293 915 336 992 ὥς
352 915 484 998 μάλιστα,
502 856 551 986 gru
565 916 700 1000 μάλιστα.
731 919 822 984 Duae
837 931 944 983 sutem
963 921 997 983 in
1012 942 1108 986 usum

73 1015 234 1070 venerunt
245 1004 390 1067 formae:
413 1014 512 1089 quum
527 1004 675 1068 maxime
690 1025 751 1088 pro
767 1004 918 1069 adverbio
935 1005 1108 1086 udiectum,

36 1152 39 1159 ,
73 1099 107 1155 et
121 1101 159 1151 ut
175 1110 274 1174 qttum
290 1088 455 1170 maxime,
476 1088 776 1175 quibns'verbisroi
797 1089 929 1153 alicuius
946 1092 1062 1156 modus
1076 1102 1109 1156 et

75 1172 223 1236 conditio
245 1175 459 1259 componitur
475 1195 551 1238 cnm
566 1194 603 1239 re
620 1173 793 1259 aliquando
810 1177 954 1239 maxime
969 1177 1109 1241 confor-

73 1268 163 1321 mate
185 1269 217 1322 et
238 1258 402 1322 absoluto:
430 1260 539 1346 itaque
560 1257 778 1344 significetur,
798 1280 888 1334 retu,
908 1260 934 1322 si
950 1282 1032 1345 quoe
1048 1261 1108 1327 aliu

75 1343 222 1407 maxime
248 1344 333 1408 facte
361 1345 420 1423 sit,
450 1345 594 1411 muxime
616 1343 698 1410 fieri.
749 1342 815 1408 Sex
837 1343 936 1429 igitur
958 1345 1108 1410 dictionis

76 1450 195 1514 genere
220 1440 397 1494 statuamus
417 1451 549 1495 necesse
572 1430 643 1494 erit.
698 1429 808 1511 Quum
829 1428 993 1508 maxime,
1021 1432 1108 1515 quod

75 1524 124 1575 est
148 1535 250 1600 quem
271 1515 436 1594 maxime,
456 1517 547 1580 sicut·
564 1514 703 1579 dicimus
724 1535 823 1579 werre
844 1513 968 1599 irgend
991 1524 1023 1578 et
1042 1515 1109 1580 wie

74 1598 221 1685 irgendr
241 1620 341 1688 quum
362 1601 529 1678 maxime,
549 1599 637 1686 quod
661 1596 821 1685 signifieat
837 1597 987 1684 gerente,
1012 1597 1109 1663 eben.-

75 1706 153 1748 num
171 1686 319 1750 maxime
335 1684 515 1750 distinctius
534 1708 604 1751 rem
622 1684 769 1771 designat
790 1686 926 1749 notione
950 1684 1106 1749 extremi:

75 1791 164 1832 nrtnc
177 1793 277 1855 prtum
289 1771 448 1852 marim,
465 1771 530 1835 hoo
544 1781 592 1837 est
599 1768 828 1856 gerudejezt:
851 1769 882 1831 in
899 1790 965 1854 quo
974 1769 1110 1833 Zinser-

76 1853 195 1940 lingius
214 1879 302 1919 nunc
316 1879 334 1920 o
350 1856 581 1940 glossatoribus
594 1855 801 1942 suppositum
818 1856 940 1917 censuit
966 1863 1107 1919 temere:

76 1961 178 2025 prtum
191 1940 356 2022 maxime,
380 1940 486 2026 quod,
508 1942 546 2007 od
567 1952 697 2027 tempus
714 1939 855 2025 proprie·
867 1938 1020 2012 relatum,
1045 1961 1109 2023 po·
1176 1934 1182 1951 ¹

76 2025 165 2088 nitur
179 2049 242 2112 pro
257 2047 346 2090 nunc
356 2046 461 2111 'quum
476 2026 641 2107 maxime,
659 2025 728 2106 ient
745 2024 836 2102 eben,
858 2025 955 2110 idque
970 2022 1110 2089 efficitur

10 2116 14 2126 “
68 2111 274 2195 praesertim·
284 2111 439 2196 opposito
457 2122 608 2198 temporo
629 2111 820 2197 praeterito:
847 2121 884 2173 ut
906 2130 1005 2197 quum
1029 2132 1109 2174 me-

76 2195 184 2275 xime,
208 2194 297 2279 quod
314 2205 362 2258 est
377 2194 429 2260 itu
442 2209 480 2260 ut
502 2210 539 2282 q.
548 2219 594 2260 m.
618 2197 681 2260 hoc
698 2206 764 2274 eet,
782 2205 819 2258 ut.
835 2215 1014 2280 numquam
1037 2217 1110 2259 ma-

78 2279 145 2375 gis,
175 2280 241 2341 sive
262 2279 334 2352 itu,
355 2288 393 2341 ut
411 2301 512 2365 qrurm
533 2282 698 2359 maxime,
728 2292 816 2344 tum:
841 2302 940 2344 werin
958 2280 1024 2344 sive
1045 2280 1111 2346 wie
1177 2288 1182 2303 ’

76 2363 198 2442 remulo
213 2363 307 2426 selrrr
328 2373 401 2425 tum
416 2365 580 2441 maxime,
603 2364 643 2428 dc
665 2384 731 2450 quo
748 2363 858 2449 paullo
877 2373 952 2449 post
970 2384 1110 2451 egemus.

80 2447 115 2510 ln
136 2447 184 2510 his
203 2446 403 2512 Schworuius
420 2471 489 2512 eum
507 2446 791 2536 significationem,
818 2470 898 2532 quse
912 2446 975 2511 fuit
992 2450 1111 2535 primi-

80 2534 163 2609 tive,
185 2534 331 2618 spuriam
355 2541 388 2596 et
410 2535 666 2599 commentitium
693 2532 833 2620 uppcttut
856 2543 952 2617 etque
976 2551 1110 2598 ornnem

82 2638 198 2693 usum,
222 2618 278 2701 qui
293 2617 536 2703 antiquissimus
557 2618 639 2699 fuit,
661 2616 871 2682 deterioribus
895 2616 1111 2700 scriptoribus

82 2703 262 2788 adscripsit.
305 2703 425 2770 Seueos
449 2716 572 2786 eutem,
594 2726 659 2791 quo
681 2725 779 2768 nemo
803 2700 1004 2786 frequentius
1028 2701 1113 2766 huno

83 2788 259 2851 dictionem
284 2792 467 2877 usurpavit,
496 2791 658 2876 temporis
681 2789 841 2852 rationem
864 2786 1028 2875 triplicem
1051 2787 1112 2852 od·
1214 2800 1216 2804 ’

83 2871 209 2951 hibuit,
231 2894 295 2958 quo
321 2895 383 2960 pro
404 2874 505 2941 modo
528 2875 659 2942 diceret.
708 2872 746 2937 In
761 2873 832 2937 eliis
856 2875 943 2938 enim
963 2871 1041 2936 loeis
1064 2884 1112 2937 cst

83 2956 163 3022 eben
179 2957 264 3038 ieet,
286 2958 320 3021 in
338 2958 407 3025 eliis
424 2959 603 3041 sterteret,
620 2963 654 3026 in
670 2957 896 3044 uliistdenique
912 2955 991 3022 eheu
1001 2958 1112 3023 schoa.

183 3108 315 3164 Priscian.
330 3111 372 3166 18.
389 3129 415 3180 p.
429 3108 506 3165 1194.
526 3104 670 3166 tttict't'u
686 3106 817 3180 μάλιστα.
849 3104 968 3164 Πλάτων
984 3110 1113 3180 Χαρμίδῃ

147 3191 205 3256 (¹⁷-
221 3193 322 3258 Ρ.100.
340 3195 374 3262 c.)
392 3221 435 3248 -·.
467 3197 557 3251 Nostri
567 3213 672 3273 *quum
690 3196 838 3249 maxime
857 3213 908 3266 pro
926 3192 972 3251 tut
991 3190 1112 3264 μάλιστα

142 3280 290 3342 frequenter
302 3286 410 3348 ponunt.
1026 3308 1033 3322 .

185 3379 296 3431 Terent.
323 3381 424 3434 Hoeut.
447 3378 476 3442 4,
488 3376 514 3443 ⁵,
528 3377 571 3434 40.
594 3387 669 3449 utque
692 3400 769 3452 quum
791 3399 908 3435 maxume
927 3381 983 3434 noto
999 3389 1026 3434 ts
1048 3384 1113 3438 dare

151 3480 266 3531 operam.
298 3464 341 3517 trs
361 3464 487 3517 unctiores
503 3462 581 3528 libri,
598 3481 651 3518 non
671 3484 757 3535 quum
791 3465 886 3518 Sencc.
907 3464 992 3532 Epist.
1012 3462 1055 3531 55,
1070 3467 1112 3521 10.

146 3549 220 3600 uideo
244 3554 282 3611 te,
300 3547 336 3598 mi
358 3547 457 3610 tuctu,
481 3565 558 3615 quum
579 3552 687 3603 marimo
708 3548 792 3615 cotto.
809 3547 828 3600 i.
843 3566 866 3600 e.
888 3567 968 3616 quom
985 3551 1110 3619 maxims,

148 3632 217 3697 quud
236 3630 263 3682 iu
278 3647 307 3682 re
323 3631 407 3685 hohct
421 3629 580 3685 seutentiam
597 3651 672 3702 ganz
690 3651 780 3704 gencu
797 3634 858 3685 hore
872 3634 912 3687 tet
927 3636 994 3688 dictu.
1025 3636 1071 3702 96,
1087 3639 1112 3692 1.

151 3718 173 3765 si
189 3717 250 3783 quid
264 3716 346 3769 credis
359 3714 433 3779 mitt,
449 3715 554 3768 intimos
569 3708 680 3783 affectus
694 3735 760 3770 uscos
774 3718 823 3771 riti·
835 3735 913 3786 quum
925 3721 1034 3773 maxime
1046 3723 1116 3774 dcte·

150 3815 196 3865 go.
227 3796 270 3863 81,
286 3794 327 3853 15.
346 3807 444 3867 quanto
459 3799 569 3853 hilarior
590 3808 627 3853 est
646 3803 690 3870 qui
706 3803 795 3866 soluit,
813 3817 890 3870 quum
909 3805 952 3870 qui
971 3813 1111 3869 mittuntur,

151 3888 222 3932 tanto
237 3882 310 3934 debet
326 3884 416 3935 laetior
429 3901 499 3948 esse,
513 3884 598 3956 quise
613 3886 721 3938 mucimo
737 3903 797 3938 uere
818 3886 902 3939 ulieuo
923 3889 1019 3957 accepti
1040 3890 1113 3940 tene-
1141 3940 1142 3943 ,

146 3965 207 4029 ficii
222 3974 357 4031 exonerat,
378 3985 456 4035 quom
472 3968 649 4038 quiucciptorrs
664 3989 738 4041 quum
751 3973 860 4022 maxime
872 3968 1014 4040 obligatur.
1039 3971 1113 4023 Melo

154 4046 380 4116 interpretenturs
397 4067 431 4105 so
447 4056 589 4123 tompore,¹
606 4070 659 4123 quo
683 4053 852 4127 potissimum
870 4058 898 4107 ot
918 4071 984 4106 vere
1006 4046 1114 4125 obtige-
