2632 4770
195 236 199 240 .
357 222 359 227 ·
411 202 626 295 maurit.
669 205 852 289 uuicti.
1121 222 1164 295 55
1257 176 1259 180 ³

152 353 438 443 attaminarunt
458 355 526 422 cliro
548 358 663 424 millia
686 362 844 448 iugerum
869 362 1060 443 immunia.
1092 371 1158 443 vid.

154 448 264 522 Tomi.
284 463 319 527 p.
335 445 411 523 370.
455 442 667 531 Quamquam
684 446 855 514 Ernestius
871 470 1016 524 caussam
1033 451 1157 534 frustra

91 546 101 601 ζ
159 529 318 619 quauiritiu
335 527 566 607 coniunctius,
592 530 686 611 cuius
709 535 862 621 exempla
886 543 961 598 ante
977 543 1156 626 proposui-

90 608 98 687 ἓ
156 639 212 682 nas
240 611 440 681 Discriminis
459 633 571 679 caussa
589 615 706 682 confer
731 619 865 684 Terent.
888 619 989 685 Andr.
1004 624 1038 705 4,
1053 626 1084 706 4,
1100 628 1152 694 46.

90 710 97 789 ζ
156 700 348 777 hmrcelera,
369 707 402 760 et
424 697 536 777 Scaea.
553 701 693 789 Hippoi.
709 708 782 771 826.
806 729 847 772 cn
862 705 999 771 scelera.

283 868 628 958 Hunorum·
671 830 957 963 macru.

205 1029 268 1110 Quo
281 1032 385 1097 modo
397 1042 438 1119 et
455 1031 588 1119 quando
605 1030 729 1098 factum
744 1037 805 1116 sit,
826 1047 863 1103 ut
885 1060 1009 1103 nomen
1022 1041 1147 1108 Hercu·

101 1156 106 1166 ·
144 1111 216 1179 lirin
234 1113 445 1185 obtestatione
472 1129 504 1182 et
527 1117 747 1185 affirmatione
777 1123 824 1187 ita
850 1144 928 1187 usur
955 1136 1081 1207 aretur,
1109 1138 1148 1192 ut
1193 1189 1195 1194 ,

143 1197 252 1265 ditinum
274 1225 396 1280 numen
421 1225 463 1267 ne
488 1203 687 1284 cogitaretur
709 1205 862 1292 quidem,
879 1232 913 1272 se
957 1211 1146 1278 adverbium

144 1282 271 1380 audiretur
294 1288 423 1353 iurandi
446 1299 477 1351 et
500 1287 688 1353 affirmandi
717 1291 879 1378 simplex,
898 1305 1033 1360 nonest
1056 1295 1146 1381 quod

143 1366 447 1450 bredenenstremus.
480 1373 611 1438 Plautus
631 1375 729 1452 etiam
746 1377 848 1446 iuAm
874 1377 1041 1462 hitruone,
1056 1402 1143 1446 uon-

147 1453 283 1533 damnato
309 1459 469 1542 Hercule,
489 1458 698 1542 loquentibus
721 1461 836 1527 tribuit
850 1401 941 1531 lranc
964 1465 1144 1547 iuramenti

148 1535 293 1607 formulam.
344 1544 388 1609 Et
411 1547 481 1632 ipsa
505 1544 654 1609 vocabuli
685 1567 838 1611 mensura
873 1551 1037 1630 ostendit,
1065 1573 1143 1636 qua-

101 1678 104 1685 .
148 1633 206 1689 tuas
222 1628 345 1692 exuerit
368 1628 505 1694 vocativi
537 1640 707 1694 naturam:
744 1631 829 1696 nam.
845 1644 996 1714 extrema
1015 1634 1142 1721 syllaba

145 1712 294 1808 arripitur,
321 1715 412 1799 quod
432 1715 582 1781 vocativo
598 1736 640 1778 nc
664 1715 699 1778 in
720 1736 789 1780 uuo
808 1717 941 1803 quidem
956 1718 1037 1782 loco.
1056 1720 1144 1783 Pro·
1218 1751 1221 1754 ·

141 1796 208 1881 perti
226 1801 262 1881 4,
288 1805 345 1876 11,
365 1801 423 1877 40.
460 1798 707 1887 concedendum
731 1803 803 1866 erit.
846 1801 915 1866 Iam
940 1799 1145 1890 grammatici

142 1890 226 1947 retues
241 1884 451 1971 appell-abant
466 1884 668 1950 adverbium.
711 1886 777 1952 rid.
801 1887 924 1954 Donat.
944 1888 985 1952 ad
1008 1887 1144 1955 Terent.

139 1964 179 2031 ld.
195 1969 227 2047 5,
247 1975 286 2049 9,
313 1973 364 2038 18·
414 1971 579 2036 Dixcrunt
607 1993 685 2036 vero
713 1971 820 2036 Latini
841 1972 991 2053 hercule,
1020 1972 1141 2056 hercle,

137 2046 266 2131 heracleo,
292 2040 832 2136 melserctesamarfflmiii
938 2056 1027 2144 q'uod
1045 2080 1143 2146 prae»

137 2132 234 2223 igitar,
257 2141 490 2227 grammaticos
515 2141 658 2206 multum
673 2139 740 2209 sese
765 2153 808 2220 rt,
829 2142 1044 2242 quiplurimi
1064 2145 1143 2228 qui-

135 2219 184 2289 dun
203 2223 624 2313 proocffieffiutessigentes
642 2227 813 2316 abruptam
837 2239 1022 2301 oraticnem
1044 2249 1142 2292 com·
1188 2287 1195 2317 ,

133 2305 196 2393 plcre
208 2311 356 2376 solebant
371 2309 423 2375 his
441 2311 565 2377 verbis:
587 2311 641 2376 ito
653 2314 715 2378 ‘me
737 2312 1053 2395 herculerucliuaet
1073 2313 1142 2379 sire
1167 2271 1185 2352 (⁴
1195 2292 1299 2414 ‘'hl'g

134 2407 214 2472 amet,
241 2397 296 2461 ita
319 2419 389 2471 me,
418 2396 546 2472 hercle,
577 2395 726 2464 adiuves.
778 2397 854 2477 Quo
884 2397 969 2462 nihil
998 2397 1142 2484 ineptius
1164 2362 1264 2428 ‘'A“

108 2556 112 2563 Ι
132 2475 301 2573 licipctest.
347 2482 557 2566 Quamquam
574 2480 692 2546 Paulus
708 2481 873 2548 Diacouus
897 2481 1143 2547 Festinomiue

132 2572 160 2628 ta
176 2566 297 2632 docuit:
327 2577 496 2632 mecastor
523 2577 556 2630 et
586 2564 787 2633 mehercules
816 2565 1055 2630 iusiurandum
1080 2578 1142 2642 est,

99 2658 102 2663 '
132 2653 200 2735 qusai
222 2653 409 2731 diceretur,
430 2651 481 2716 ita
504 2674 558 2714 me
577 2649 718 2727 Castor,
748 2650 868 2719 itame
892 2650 1074 2730 Hercules,
1104 2662 1142 2715 ut

130 2733 325 2803 subaudiatur
348 2738 448 2800 iuret.
490 2736 663 2802 Martinius
679 2736 714 2800 in
734 2733 813 2802 Lex.
834 2758 869 2822 p.
886 2737 961 2802 557.
984 2735 1143 2822 explicuit

131 2816 210 2888 hercle
233 2824 391 2900 iurante,
412 2843 465 2885 me
489 2821 622 2886 hercule
643 2821 799 2886 iurante.-
820 2842 903 2904 quae
926 2831 975 2885 cst
997 2819 1143 2884 incredi÷
1218 2853 1220 2856 -

131 2898 180 2971 bilis
191 2909 321 2997 ellipsis.
363 2907 443 2982 Alii,
471 2909 526 2992 qui
549 2906 600 2970 his
616 2906 766 2970 subsidiis
784 2904 995 2984 diffidebant,
1017 2905 1142 2970 uocati-

131 2991 193 3056 rrm'
209 3017 279 3058 esse
311 2991 557 3056 existimarunt:
592 2990 802 3057 mehercule
832 3013 896 3077 pro
919 2991 968 3055 mi
998 2989 1143 3058 hercule·
1212 2996 1248 3066 ,ἶ

132 3070 177 3140 Nos
192 3079 257 3143 iam
286 3078 386 3142 Tcm.
410 3077 607 3169 2·j,·,..3,42·
639 3098 712 3140 rem
734 3076 967 3173 enposuimus,
997 3095 1144 3139 maesse
1176 3030 1313 3198 νώ,

127 3159 261 3307 'qllabam
288 3161 486 3251 praefigam,
512 3183 595 3247 quae
623 3161 713 3224 idem
743 3158 921 3246 significet,
945 3179 990 3247 qu
1068 3180 1086 3223 e
1158 3157 1183 3192 ι·

155 3261 244 3314 ostar.
303 3250 467 3327 Haemus
504 3246 711 3311 simillimum
748 3244 941 3331 exemplum
970 3244 1005 3307 in
1036 3242 1144 3308 verbis

90 3362 94 3455 J
131 3332 233 3400 actim
245 3329 372 3420 fidius,
383 3326 613 3418 *moeliejlrlie
655 3333 762 3416 Atque
777 3329 858 3392 baec
872 3326 1031 3394 sententia
1048 3349 1145 3391 com-

131 3418 262 3498 probatur
287 3439 347 3482 usu
366 3428 561 3505 poetarum,
582 3436 726 3502 quorum
748 3436 849 3479 nemo
871 3415 1094 3499 antiquiorum
1109 3413 1145 3475 in
1165 3495 1166 3498 Ἴ

90 3464 97 3581 l
133 3503 395 3591 mosynaloephen
411 3498 558 3566 admisit:
584 3520 783 3587 quamquam
795 3501 840 3563 ita
859 3507 1055 3564 censuerunt
1068 3498 1143 3581 qui·
1213 3575 1215 3579 Ι

106 3614 109 3622 ·
133 3581 186 3651 dum
208 3590 310 3654 critici
330 3591 365 3654 in
379 3589 542 3667 Catullipc.
558 3590 618 3661 38,
635 3592 667 3649 2.
690 3595 721 3647 et
738 3585 858 3647 Statius
874 3587 984 3670 ipsum
999 3581 1145 3646 mercule

90 3688 92 3695 '
130 3673 328 3759 'recipiendum
345 3675 449 3737 duxit.
492 3671 540 3735 lbi
557 3692 633 3736 vero
659 3668 868 3733 scribendum
886 3679 950 3732 est:
979 3667 1070 3730 mala
1095 3677 1152 3753 est*

134 3755 259 3839 hercule,
281 3772 314 3824 et
331 3772 379 3824 est
395 3756 572 3822 laboriose.
616 3759 657 3820 At
683 3758 753 3841 ipse
767 3753 931 3819 Bentleius
952 3752 993 3815 ad
1009 3751 1145 3816 Terent.

134 3838 196 3909 Eun.
211 3851 248 3926 1,
266 3851 375 3922 1,,22.
400 3842 508 3906 docuit
522 3839 684 3909 mehercle
702 3860 844 3926 semper
856 3859 924 3904 esse
947 3836 1146 3923 disyllabon.

133 3925 231 3994 tutio:
253 3941 365 3994 tamen
381 3929 481 3994 falsus
497 3929 553 3992 iile
569 3937 617 3992 est
635 3947 709 3988 cum
727 3924 851 3989 ceteris.

197 4016 325 4088 Plautus
339 4035 503 4102 nusquam
525 4015 629 4083 utitur
647 4010 749 4078 verbo
772 4007 953 4084 mehercle,
974 4005 1149 4071 Terentius

197 4099 325 4133 ’.ἡ
807 4126 809 4132 ,
950 4101 1160 4130 ...mnu-*md
