2654 4770
542 271 679 343 luno.
1081 287 1147 372 225

86 431 133 497 do·
144 428 301 494 meliores
316 429 496 530 scriptores
518 431 617 496 etiarn
637 429 832 519 posterioria
856 437 1021 522 temporis
1036 432 1169 509 immo]
1271 482 1274 491 ·

86 517 255 595 dicebant,
291 527 326 579 ut
350 518 611 594 renuentem,
643 539 725 605 quae
746 516 851 582 modo
873 525 1145 606 pronuntiarunt,
1188 553 1189 556 ¹

86 603 208 669 maiora
237 601 286 666 vel
318 608 468 690 graviora
501 603 756 668 substituerentz
785 603 841 668 alii
868 615 979 672 tamen
1008 611 1145 696 quidam

86 706 145 778 pro
164 687 253 754 acteo
272 697 303 751 et
324 689 504 776 retpotiuc
520 689 737 778 usurpabant.
927 694 930 699 ’
1061 719 1064 722 ⁴

195 805 300 862 Afferri
323 815 416 877 posset
438 809 635 866 documentum,
654 808 744 862 Plaut.
768 807 850 878 Epid.
872 805 909 876 3,
927 809 961 877 3,
976 809 1021 865 36.
1051 815 1088 868 At
1101 795 1146 870 illi
1183 860 1185 865 ,

149 910 246 948 verane
269 912 323 946 non
339 893 470 964 leguntur
491 892 519 947 in
543 893 661 962 antiquie
679 878 836 947 codicibus!
865 897 959 964 Quare
983 897 1144 954 criticorum
1215 953 1217 957 ,
1242 955 1245 964 ,
1289 918 1311 953 “.

152 981 342 1033 desideramus
358 996 478 1047 operam.
513 980 571 1032 cic.
589 998 615 1048 p.
633 980 714 1032 Caco.
731 978 758 1044 i,
777 979 818 1033 18.
836 981 926 1049 itaque
940 976 1014 1036 hamo
1037 986 1145 1040 timidae

150 1067 339 1134 imperitasque
357 1091 393 1102 -
408 1082 462 1127 noa
475 1067 581 1133 putavit
607 1082 659 1118 eree
675 1067 747 1119 tanti
770 1067 958 1131 hereditatem,
974 1074 1004 1120 nt
1026 1071 1059 1122 de
1082 1071 1147 1124 eivi-

149 1157 205 1204 tate
219 1152 246 1201 in
262 1151 369 1202 dubium
383 1150 496 1202 ueniret:
517 1151 653 1215 eoncmeit,
674 1153 768 1215 creda,
783 1152 907 1221 Aebutia,
929 1161 1054 1220 qnantum
1068 1156 1144 1218 vellet
1230 1144 1239 1166 ’

151 1237 184 1286 de
202 1235 359 1287 Caesenniae
376 1234 446 1285 ionia
462 1242 491 1285 at
504 1234 619 1287 haberet·
651 1234 748 1298 imma,
770 1243 798 1287 at
822 1237 877 1287 uiro
892 1237 962 1301 sorti
983 1255 1013 1288 aa
1034 1241 1145 1307 rapienti

152 1319 265 1386 dignum
279 1319 350 1386 fuit,
370 1320 409 1370 ita
432 1319 591 1370 calumniam
615 1319 803 1388 stultitiamque
833 1321 939 1372 obtrivit
961 1339 993 1373 ac
1017 1326 1144 1390 contudit.
1231 1335 1233 1340 '
1276 1324 1279 1343 ²

151 1403 299 1455 Sohdtaiua
321 1402 458 1456 rationem
480 1403 550 1454 bene
578 1411 772 1470 perspexerat,
808 1422 894 1473 quum
920 1403 1145 1475 interrogationia

152 1487 263 1557 rignum
278 1496 392 1556 poneret
408 1493 471 1555 poet
488 1489 602 1540 haberet.
962 1490 970 1499 ”

199 1591 255 1644 Sed
272 1607 320 1643 sue
337 1607 413 1642 more
431 1590 488 1642 Cic.
502 1609 528 1658 p.
547 1591 654 1644 Gluent.
670 1589 715 1655 29,
731 1590 773 1645 80.
791 1600 818 1646 at
835 1600 894 1646 tum
910 1594 934 1646 ei
948 1594 1074 1659 dicerem,
1093 1614 1144 1650 non
1167 1612 1168 1617 ¹
1222 1570 1228 1581 ¹

153 1677 270 1740 audirer,
289 1695 338 1728 nan
352 1678 421 1743 qaod
434 1677 490 1728 alia
503 1693 544 1728 rea
557 1683 626 1728 esset.
663 1676 744 1728 Imma
761 1681 870 1744 eadem,
890 1679 934 1730 aed
946 1687 1046 1748 tempus
1061 1682 1144 1735 aliud.

137 1759 202 1814 iat.
219 1769 285 1813 erat.
320 1761 355 1814 ad
370 1762 425 1814 An.
441 1761 467 1827 2,
484 1759 511 1814 4.
529 1761 628 1813 interea
642 1761 746 1828 quidem
765 1779 822 1814 cnm
840 1763 921 1815 Muris
937 1780 985 1815 noe
1000 1748 1145 1819 delectabi-

152 1864 209 1898 mus
230 1850 318 1899 anima
341 1866 431 1916 aequo.
466 1848 549 1899 immo
571 1864 631 1898 uera
653 1846 735 1897 etiam
756 1847 886 1914 gaudenti
907 1863 939 1898 ac
956 1849 1055 1901 libenti.
1083 1850 1102 1903 i.
1118 1869 1143 1903 e·

154 1930 219 1997 quid
242 1931 347 1998 dicam,
375 1932 469 1984 'animo
500 1930 609 1998 aequo?
651 1930 739 1983 Immo
769 1947 836 1982 vero
867 1937 918 1984 eto.
960 1932 1059 1986 Cicero
1088 1953 1144 1990 non

156 2016 287 2069 dixisset:
307 2034 357 2069 noa
373 2016 463 2069 animo
479 2032 584 2084 aequo,
610 2015 695 2067 immo
712 2013 844 2084 gaudenti
862 2015 1068 2073 delectabimus.
1146 2032 1150 2038 “

199 2119 260 2173 niv.
282 2120 326 2186 38,
344 2119 387 2186 43,
407 2119 432 2172 6.
458 2121 599 2172 simulacra
624 2121 716 2183 deum,
734 2121 793 2173 deor
816 2121 895 2172 immo
908 2121 993 2190 ipeos,
1010 2127 1144 2179 convulsae

157 2223 186 2258 ec
208 2208 312 2258 reditur
340 2209 410 2270 anie,
444 2207 545 2257 ablatae
569 2223 630 2257 eree.
664 2202 716 2269 41,
733 2203 782 2269 23,
808 2203 852 2256 13.
885 2222 918 2258 ea
939 2224 984 2275 cpe
1012 2209 1143 2278 depalans,

156 2309 209 2344 non
230 2300 317 2344 tamen
340 2293 398 2344 belii
421 2292 527 2344 camilia
552 2291 656 2343 amisit:
674 2291 770 2356 immo,
791 2291 814 2341 ri
835 2308 896 2343 vera
911 2291 1029 2344 columne
1051 2293 1145 2358 dicere,

156 2378 209 2429 iam
228 2378 359 2430 inchoavit
382 2379 484 2430 bellum.
528 2376 560 2427 ln
585 2374 631 2426 his
656 2372 740 2426 etiam
762 2374 896 2427 eorrectio
923 2381 979 2440 oet,
1007 2377 1141 2446 quidquid
1192 2383 1195 2389 ’

158 2461 225 2514 dicit
240 2462 401 2515 Borrichiua
421 2462 450 2514 in
463 2461 586 2530 Append.
602 2459 636 2512 ad
651 2458 766 2511 Cellarii
783 2459 870 2511 Curae
888 2476 914 2526 p.
931 2459 974 2512 aa.
1047 2488 1050 2493 ·

202 2565 318 2633 Quintil.
335 2563 361 2629 6,
375 2566 401 2629 2,
418 2565 462 2618 1⁰.
494 2565 522 2617 in
544 2562 642 2617 canaiis
664 2579 726 2615 vero
751 2563 831 2614 etiam
851 2563 972 2630 pluriter
995 2572 1144 2634 curantur,

156 2650 234 2702 immo
251 2653 390 2703 secundum
404 2653 541 2718 quemdam
554 2649 711 2702 intellectum
725 2647 756 2698 in
770 2646 896 2697 amnibus.
928 2646 961 2712 2,
985 2648 1017 2715 2,
1040 2649 1066 2703 8.
1090 2652 1145 2721 ipse
1189 2694 1191 2698 .

102 2804 104 2809 ⁴
157 2736 271 2803 aliquid,
291 2738 369 2788 immo
386 2738 471 2788 molta
488 2737 603 2804 quotidie
618 2735 698 2786 dicat.
732 2730 805 2784 Ptin.
823 2729 985 2798 ueneat.
1006 2736 1050 2803 qni
1064 2753 1144 2805 rupe·

156 2822 210 2872 rior
218 2827 328 2888 factas,
348 2823 480 2874 descendis
496 2823 524 2873 in
538 2819 627 2873 omnia
637 2817 837 2884 familiaritatis
854 2819 961 2883 officia,
980 2826 1006 2871 et
1026 2821 1056 2871 in
1076 2822 1145 2873 ami-

157 2924 214 2958 oum
235 2923 265 2957 er
287 2907 441 2973 imperatore
472 2905 645 2958 submitterirr
670 2904 749 2954 immo
772 2909 831 2953 tnnc
854 2904 967 2954 maxime
993 2903 1145 2972 imperator,

156 3008 236 3058 qnam
251 2991 363 3041 amicum
380 3009 409 3041 ea
423 2991 578 3058 imperatore
592 2988 662 3058 agie.
700 2985 811 3039 Curtius
825 2983 859 3050 4,
879 2985 913 3050 1,
935 2985 978 3039 22.
1002 3005 1065 3041 cave
1081 2991 1145 3040 obti-

155 3075 264 3126 oieearie
278 3074 355 3126 haina
370 3082 465 3138 statue,
479 3075 506 3127 in
521 3093 570 3143 quo
584 3075 679 3143 accipie
694 3090 815 3143 regnum,
831 3073 909 3124 immo
923 3072 1026 3153 hercule
1036 3083 1145 3143 propter

155 3177 238 3227 anem.
274 3159 346 3211 Plin.
364 3160 437 3212 nist.
451 3161 506 3213 nat.
522 3159 565 3225 34,
582 3161 608 3225 1,
626 3160 651 3210 1.
667 3160 789 3228 proxima
804 3158 927 3209 dieantur
941 3157 1008 3208 aeria
1023 3160 1142 3223 metalla,

159 3247 200 3297 cai
214 3253 240 3298 et
255 3246 282 3296 in
297 3263 347 3295 neu
358 3247 507 3313 proximum
528 3254 565 3298 eat
583 3246 715 3315 pretium,
737 3245 815 3295 immo
836 3259 898 3294 uero
921 3248 981 3292 ante
1004 3234 1143 3310 argentum

158 3348 192 3384 ac
206 3347 271 3399 pene
286 3332 365 3381 etiam
380 3336 443 3382 ante
459 3345 570 3394 aarum,
590 3328 720 3389 corinthio.
758 3327 875 3393 Quintil.
897 3325 940 3388 11,
961 3323 987 3390 2,
1005 3324 1049 3377 59.
1076 3327 1145 3378 nihil

155 3432 263 3467 oaaeeae
281 3421 333 3478 est,
352 3430 398 3465 cur
413 3431 465 3464 non
482 3415 558 3466 ittam
578 3413 647 3465 uaria
669 3413 870 3463 modulationem
885 3410 988 3478 fldidne
1011 3428 1044 3462 ac
1065 3412 1145 3477 tibiie,

154 3499 350 3562 immoderate,
374 3499 441 3566 quad
454 3499 562 3550 aethria
584 3497 746 3564 deformitati
765 3497 890 3563 propius,
919 3496 1043 3561 cymbalis
1066 3497 1145 3547 adin·

156 3601 254 3636 oemna.
289 3584 332 3635 lta
350 3600 429 3634 nemo
442 3582 626 3650 antiquiorum
640 3582 768 3646 loquutus
785 3588 834 3631 est.
869 3577 940 3632 Plin.
963 3579 1029 3632 Pan.
1051 3577 1095 3644 65,
1116 3580 1142 3639 3.

157 3670 204 3737 qni
218 3670 340 3736 pauculis
355 3670 445 3720 dietae
458 3676 562 3738 gestum
579 3654 757 3729 condrictum,
775 3664 853 3716 immo
875 3660 1054 3734 nongentum
1077 3666 1146 3718 atit-
1163 3674 1165 3676 ’

158 3756 262 3807 debant
275 3771 323 3822 per
337 3756 459 3808 edictum.

194 3857 363 3910 Adscenaum
377 3855 405 3908 in
423 3875 452 3910 se
465 3857 571 3909 habeut
584 3855 669 3907 haee:
696 3850 768 3905 Ptin.
783 3853 850 3905 Pan.
866 3851 910 3917 23,
927 3852 953 3905 2.
970 3855 1039 3921 quod
1057 3871 1146 3906 oecur-

156 3943 275 4015 eantinm
292 3944 450 4011 populante
470 3960 583 4011 anapae,
607 3949 633 3994 te
656 3940 735 3991 imma
756 3939 870 3991 manime
890 3940 1014 3992 adstaret.
1047 3936 1099 4002 44,
1118 3937 1146 3992 2.

158 4042 224 4080 nam
237 4028 343 4095 priuata
357 4028 453 4080 iudicia
465 4028 610 4098 principem
631 4025 718 4093 geria:
744 4023 966 4079 melioremimma
980 4029 1006 4075 te
1017 4029 1146 4090 praeitur,

158 4129 239 4184 paam
256 4112 307 4168 titt
322 4113 403 4173 atium
420 4098 578 4187 pietatm·
603 4105 697 4176 dm·
714 4106 811 4163 senec.
825 4105 913 4175 Epiri.
932 4103 984 4174 58,
998 4105 1026 4161 1.
1048 4112 1164 4176 quanta-
