2632 4770
131 2363 133 2367 '
233 2350 257 2416 P

234 272 297 337 eet
681 263 829 329 turne.

339 418 439 479 senec·
452 412 537 482 Epist.
553 409 635 476 015.
659 416 730 471 illius
748 420 797 472 tili
816 425 917 471 norum
936 419 1076 487 pronicio,
1098 439 1146 473 uec
1167 424 1285 490 dissere:

304 506 373 556 intra
388 499 673 569 comperendinationem
683 506 754 570 fides
772 502 892 571 promissi
906 502 956 554 snei
971 503 1059 555 stabit.
1076 502 1095 554 i.
1108 521 1135 555 e.
1153 504 1228 557 citro
1241 506 1286 557 di-

304 587 434 641 lationem
449 584 476 635 iu
492 583 675 649 perendinum.
710 587 814 639 Paulus
824 586 851 639 in
859 586 922 655 aig.
936 584 978 651 li,
988 588 1013 650 1,
1021 587 1046 651 5,
1055 586 1080 639 5.
1101 590 1287 657 utrooueenirn

306 689 368 724 casu
381 677 427 733 aut
441 685 493 719 nan
508 668 579 718 ultra
593 669 721 737 pretium,
739 678 788 723 aut
804 671 879 723 intra
899 673 1008 738 pretium
1024 673 1125 740 fecisti.
1161 673 1220 725 Sed
1236 674 1287 726 Va·

305 744 394 823 placui
408 742 497 804 Tacit.
516 751 556 802 tl.
573 753 692 821 ipresuit
706 755 969 826 vituperantium,
987 757 1026 807 ita
1040 763 1070 809 ut
1086 760 1233 810 sestarium
1248 761 1286 811 ui·
1301 798 1303 805 t

305 841 335 892 ni
354 844 411 891 teta
429 837 470 887 die
491 853 631 904 numquam
649 839 794 904 putauerit,
812 855 889 908 saepe
910 839 982 891 intra
996 839 1136 894 maan.
1152 838 1171 892 i.
1187 857 1213 893 ο.
1232 859 1285 894 nou

305 923 379 975 ultra
390 917 539 973 heminam.

340 1022 399 1075 Liv.
413 1018 457 1085 tt,
472 1018 517 1084 63,
533 1018 558 1071 i.
576 1019 604 1071 in
618 1018 678 1070 aliis
691 1021 765 1072 relus
779 1021 880 1074 cessim
895 1021 968 1073 intra
980 1022 1064 1088 finem
1085 1023 1150 1076 iuris
1163 1029 1215 1079 nrei
1231 1031 1281 1081 cui·

301 1107 363 1160 lilet
385 1105 469 1158 uideri
491 1105 598 1167 malim,
619 1121 696 1170 quam
714 1106 792 1157 nimir
808 1106 975 1173 pertinaciter
997 1108 1024 1157 in
1045 1108 1180 1161 obtinendo
1199 1130 1228 1163 co
1248 1122 1283 1165 tc-

302 1192 418 1245 tendisec.
455 1186 608 1239 &ananius
624 1188 774 1239 Eumenem
786 1189 900 1257 putabat
915 1187 1026 1255 dixisse,
1041 1207 1070 1241 se
1083 1191 1182 1258 minus,
1203 1213 1281 1262 quem

304 1274 471 1333 deberetur,
492 1271 648 1338 petiturum.
684 1270 743 1339 Ego
759 1289 824 1325 vero
845 1274 914 1324 intro
929 1274 1013 1337 finem
1029 1275 1094 1327 iuris
1109 1279 1161 1328 enei
1177 1278 1279 1348 signill-

304 1376 368 1413 oare
391 1355 526 1409 arbitrare
545 1355 573 1404 in
593 1355 648 1406 iure
671 1372 741 1418 uren,
761 1358 831 1424 quad
853 1356 998 1424 apponitur
1020 1359 1229 1415 benevolentiae
1254 1372 1279 1416 et

301 1440 416 1494 honoris
432 1437 529 1492 studio.

322 1569 372 1627 10.
393 1559 560 1641 Quoniam
579 1558 623 1631 is,
649 1558 705 1644 qui
732 1559 819 1623 intra
840 1562 1002 1625 terminos
1026 1584 1068 1627 se·
1082 1572 1190 1645 tenet,
1214 1588 1276 1632 noa

234 1648 338 1715 modo
354 1669 422 1711 nou
439 1644 568 1711 excedit
588 1665 664 1724 eos,
685 1643 741 1707 sed
766 1664 807 1707 ne
826 1647 955 1730 attingit
980 1649 1114 1731 quidem
1139 1660 1171 1714 et
1196 1674 1275 1737 pro·

236 1728 290 1799 cul
306 1742 356 1799 est
376 1732 416 1794 ab
433 1732 654 1806 inremotus,
674 1729 769 1791 intra
787 1730 945 1813 nrorlrfflr
967 1731 1061 1817 iutra
1086 1734 1200 1821 legem
1217 1738 1274 1799 La-

233 1821 294 1884 tini
315 1828 436 1883 veteres
461 1816 574 1879 dicunt
600 1813 639 1876 de
663 1836 722 1889 eo,
743 1834 798 1899 qur
822 1817 930 1879 minus
957 1826 1096 1901 praestat.
1122 1830 1177 1883 aut
1204 1825 1273 1908 agit,

235 1926 334 1989 quam
353 1900 473 1966 modus
495 1898 674 1986 permittit,
700 1898 838 1983 ideoque
857 1898 941 1963 inira
960 1905 1098 1965 modum
1124 1928 1159 1966 se
1183 1909 1273 1992 gerit.

164 2021 170 2030 ·
235 1990 272 2057 ld
294 1985 473 2053 ‚recentiori
504 1994 658 2069 tempore
691 1981 730 2045 ad
756 1984 1011 2070 qualescumque
1045 1989 1200 2052 notiones
1231 2003 1275 2055 est

234 2074 448 2143 translatum,
471 2077 504 2130 et
527 2064 694 2132 dicebatur
714 2066 810 2132 intra
838 2069 994 2156 aliqrram
1017 2094 1089 2135 rem
1113 2096 1184 2139 esse
1216 2099 1273 2163 pro

235 2180 307 2224 eum
330 2177 399 2219 non
423 2155 603 2239 attingere,
623 2150 719 2215 intra
734 2149 876 2240 famum
899 2158 940 2218 de
964 2174 1023 2235 eo,
1052 2158 1194 2245 quinon
1218 2163 1275 2225 ud·

234 2264 254 2307 e
280 2247 331 2303 t'us
347 2248 415 2317 erat
431 2235 574 2311 famum,
593 2236 737 2301 'el-intra
753 2250 886 2303 centum
902 2240 943 2304 de
964 2262 1102 2304 urimero
1124 2265 1194 2308 nou
1217 2269 1274 2310 ex·

255 2263 336 2391 leto.
384 2323 461 2387 Vide
480 2323 605 2387 Manui.
621 2322 661 2386 ad
682 2323 749 2386 Cic.
765 2324 871 2410 Epist.
887 2327 918 2402 4,
934 2327 966 2389 4.
990 2328 1137 2391 Gronov.
1154 2329 1193 2397 nd
1215 2331 1274 2396 Se-

234 2433 308 2477 nce.
326 2409 414 2473 Med.
433 2412 507 2473 520.
526 2418 557 2471 et
569 2407 604 2471 in
619 2408 753 2473 Obserr.
770 2415 798 2482 1,
819 2414 867 2474 10.
888 2409 1090 2475 Freinshem.
1105 2412 1178 2476 lud.
1191 2414 1276 2481 flor.

234 2521 261 2560 s.
279 2494 314 2559 h.
331 2517 357 2557 v.
386 2492 573 2557 Broukhus.
598 2494 637 2557 ad
665 2495 810 2580 Propert.
826 2501 857 2564 3,
876 2500 908 2574 t,
924 2501 954 2559 2.
976 2495 1088 2561 Burni.
1116 2499 1156 2560 ad
1179 2501 1275 2567 Ovid.

236 2583 341 2647 Trisl.
362 2585 393 2655 8,
411 2582 508 2655 4,25.
534 2578 748 2663 Oudendorp.
771 2580 809 2642 ad
834 2580 891 2642 Sil.
916 2580 987 2643 ltul.
1015 2585 1154 2659 15,107.
1179 2596 1213 2648 el
1237 2588 1273 2652 erl

234 2664 363 2753 Apulei.
382 2664 484 2726 Τοηι.
503 2670 533 2726 2.
557 2685 590 2749 p.
614 2668 662 2725 16.
705 2663 768 2727 S'ed
788 2663 822 2725 tu
840 2667 942 2728 critici
963 2687 1065 2750 quum
1089 2671 1273 2736 statuissent

235 2753 331 2816 1‘rrtrc
357 2747 542 2836 significare
565 2748 849 2820 mirnret'diversa
872 2759 1071 2813 miscuerunt
1102 2763 1133 2814 et
1164 2760 1273 2821 multis

233 2836 316 2899 locis
333 2833 640 2921 interpretationem
664 2832 901 2907 adhibuerunt,
913 2855 1023 2919 -quam
1042 2834 1212 2904 Bentleius
1229 2844 1273 2909 l'e·

233 2921 431 2984 briculosanu
456 2917 606 3003 appellat.
649 2915 679 2977 ls
701 2917 788 2977 enim
813 2938 895 2980 uuus
923 2919 1091 2981 restrinxit
1117 2924 1272 2991 observa·

233 3008 362 3071 tionem
381 3004 583 3066 criticorum.

184 3187 186 3191 Ι
287 3177 289 3181 ,
334 3121 390 3176 Cio.
406 3121 440 3172 ed
455 3120 531 3170 Fam.
545 3114 572 3179 4,
588 3114 614 3180 4,
633 3112 677 3165 14·
694 3119 790 3172 modice
804 3121 964 3188 lrccsociosn
981 3128 1026 3173 ore
1038 3123 1116 3174 etiarn
1134 3127 1272 3184 intratio-

188 3196 191 3201 ’
301 3207 370 3258 dum.
403 3202 430 3264 ll,
444 3202 488 3262 26,
502 3202 528 3253 9.
546 3202 681 3270 epulamur
702 3220 755 3254 una
779 3223 831 3257 nen
852 3207 927 3256 orado
946 3220 997 3256 non
1022 3215 1110 3259 contra
1133 3212 1272 3282 legem,ol

301 3290 357 3339 ulla
376 3302 444 3336 nune
467 3287 506 3337 lec
529 3293 582 3348 est,
610 3285 655 3336 sed
677 3288 761 3338 etiam'
776 3290 846 3340 intra
869 3288 953 3358 legem
969 3297 995 3341 et
1014 3292 1116 3357 quidem
1133 3296 1272 3364 utiquam.

298 3372 339 3423 De
353 3369 398 3419 ht·
415 3367 520 3420 Gellius
535 3367 579 3432 12,
595 3369 638 3420 13.
658 3371 755 3421 modice
773 3372 892 3434 dixerut,
911 3374 937 3423 ld
954 3383 991 3424 est
1014 3392 1070 3425 cum
1097 3379 1170 3429 morto
1192 3397 1270 3447 nequo

297 3461 323 3505 et
336 3453 415 3520 pari:
434 3454 531 3514 deinde,
550 3454 625 3520 quasi
638 3453 685 3504 leoc
707 3454 849 3522 displiceret
862 3463 887 3506 et
901 3457 1031 3526 corrigere
1051 3459 1078 3508 id
1097 3462 1174 3521 uellet,
1193 3463 1268 3514 addit

299 3544 360 3587 aut
379 3538 487 3589 etiam
506 3539 604 3590 intra
623 3539 774 3590 madum:
791 3556 837 3607 per
851 3541 916 3605 quod
938 3543 1049 3592 ostendit
1071 3544 1154 3593 minus
1171 3561 1224 3595 sese
1242 3547 1269 3597 id

291 3623 431 3686 facturum
447 3638 513 3685 esse,
531 3638 608 3689 quarn
626 3622 694 3689 qnod
703 3624 768 3688 fieri
782 3624 879 3676 modice
893 3625 1037 3675 uideretur:
1054 3626 1149 3687 idest,
1166 3645 1217 3679 non
1235 3632 1270 3682 ad

295 3706 381 3772 ipsam
397 3706 516 3770 modum,
544 3709 587 3758 sed
609 3714 677 3756 retro
693 3708 839 3774 paullulum
861 3713 886 3757 et
910 3707 976 3758 eitra
993 3709 1104 3759 modum.
1140 3711 1270 3765 Passere-

295 3787 367 3849 tius,
391 3805 471 3854 quum
494 3790 587 3842 omnia
609 3788 682 3841 intre
703 3790 812 3842 modurn
837 3788 961 3841 lenienda
983 3799 1087 3854 essem,
1113 3798 1271 3850 mittundum

293 3872 369 3922 intra
391 3870 419 3922 in
442 3875 513 3939 iufra
535 3870 715 3925 existimabat.
762 3873 817 3925 Sed
838 3873 968 3925 refutavit
987 3892 1048 3926 eum
1069 3877 1225 3933 Gronovius
1245 3883 1269 3934 in

296 3951 406 4006 Observ.
426 3955 505 4019 1,10.
527 3965 554 4009 et
570 3955 709 4009 Ciceronis
727 3957 813 4008 verba
828 3957 957 4025 explicuit
981 3958 1034 4010 ita:
1055 3968 1160 4013 tantum
1182 3966 1267 4031 abest,

292 4045 323 4091 ut
343 4039 433 4106 legem
455 4039 689 4108 transgrediamur
710 4047 738 4093 et
759 4040 876 4104 limites,
910 4059 975 4110 quau
999 4042 1047 4096 illa
1068 4043 1212 4113 definivit,
1239 4056 1268 4109 ut
