2632 4770
216 252 281 321 tat
667 250 813 319 uncis.

286 422 346 461 csso
358 423 445 476 noge.
478 403 536 460 Sed
556 404 679 459 &amos
698 421 726 473 p.
740 401 818 457 1112.
840 400 992 475 aemam}
1011 411 1065 472 cst,
1085 408 1227 478 oppositio
1241 400 1273 464 cal

278 495 364 560 finem
378 490 499 544 dictionis
513 490 615 543 bunos
628 495 673 541 aar
685 489 820 557 rydcbco,
836 493 868 542 st
880 490 968 559 nogia
980 506 1032 560 pro
1052 507 1142 561 noge
1168 501 1196 546 ct
1218 504 1274 564 pots

282 592 333 647 pro
346 583 441 646 potest.
472 575 551 642 Qonc
567 572 654 626 rerba
671 589 724 625 non
746 577 874 639 corrupte
896 572 966 627 milri
986 574 1141 643 videntur,
1163 577 1274 638 etiamst
1308 594 1310 599 ⁴

158 656 161 671 '
250 710 263 722 ,
283 659 480 731 grammaticus
494 655 624 724 exemplis
637 657 712 710 baud
724 658 796 711 banc
810 675 878 711 nanc
893 663 943 713 cet.

214 804 224 833 ³
304 794 471 882 hildegis
492 802 540 859 est
562 790 760 869 uocabulum
780 793 913 879 positIvi
933 796 1084 883 generis,
1110 819 1276 885 magnam

216 880 271 949 vel
292 890 419 945 auctam
441 901 512 945 rem
530 876 735 965 significans,
756 878 813 943 sed
836 879 872 943 in
895 902 1007 946 rerum
1032 885 1275 969 comparatio·

216 988 295 1031 nem
320 967 367 1031 ita
391 963 582 1041 adhibetur,
610 974 650 1029 ut
671 962 807 1050 qualitas
833 985 851 1028 e
881 968 1073 1052 cognitione
1098 968 1274 1036 'contrarii

218 1052 448 1116 constituatur.
505 1049 717 1115 Contrarium
756 1058 864 1133 autem
896 1063 1032 1139 apparet
1054 1053 1097 1119 in
1131 1053 1274 1137 diversis

191 1127 370 1223 “gradibus
418 1133 578 1217 ualitatis,
606 1134 748 1218 ideoque
775 1139 1023 1222 comparatione
1048 1142 1273 1224 cognoscitur

214 1220 322 1286 maior
336 1158 474 1308 gradus,
495 1241 593 1307 quem
617 1218 777 1305 particula
798 1222 915 1308 magis
937 1224 1078 1311 proprie
1107 1227 1268 1313 designat.

213 1304 302 1371 Haec
319 1308 428 1385 enim,
450 1328 536 1391 quac
555 1305 667 1391 primo
682 1303 875 1391 significatu,
890 1308 1044 1394 exprimit
1062 1323 1212 1377 auctam
1228 1312 1273 1379 val

184 1389 190 1403 “
215 1391 363 1478 amplam
377 1390 613 1465 conditionem,
632 1401 670 1453 ut
683 1389 801 1477 tnagis
821 1389 938 1456 doctus
957 1394 1000 1457 sit
1014 1394 1064 1473 is,
1090 1399 1155 1482 qui
1175 1399 1273 1464 etiam

212 1476 393 1564 perdoctus
407 1477 538 1554 dicitur,
549 1476 583 1541 in
599 1474 1106 1555 rernmcollationonominibus
1123 1484 1274 1549 attribu·

215 1560 290 1627 tivis
306 1562 456 1644 additur,
477 1562 534 1627 ubi
547 1558 766 1629 indicandum,
780 1570 846 1639 cst,
868 1584 935 1648 quo
951 1564 1052 1629 altera
1077 1589 1137 1633 res
1163 1570 1273 1635 maior

214 1646 258 1713 sit
277 1649 397 1714 altera:
420 1669 498 1713 nam
513 1645 629 1734 magis
645 1644 764 1711 doctos
780 1657 830 1711 est
850 1646 980 1714 doctior
1001 1671 1107 1736 quam
1133 1654 1201 1721 ille
1226 1655 1279 1721 sl·'

213 1742 276 1799 ter.
316 1733 356 1798 ln
372 1731 432 1797 bac
449 1754 527 1797 vero
542 1752 655 1796 rerum
672 1732 917 1818 comparatione
933 1756 1035 1820 quum
1061 1747 1137 1803 tres
1164 1743 1272 1807 ratio·

212 1839 273 1883 nes
293 1818 508 1883 moderentur
529 1815 688 1881 iudicium
714 1827 885 1893 neutum,
907 1830 975 1885 tres
1000 1821 1104 1886 etiam
1125 1837 1218 1890 sunt
1239 1828 1271 1892 in

212 1902 312 1969 latina
331 1904 441 1991 lingua
458 1903 616 1967 orationis
630 1900 782 1982 formae,
805 1895 1012 1989 quibus'illae
1030 1909 1195 1975 rationes
1213 1912 1271 1978 de·
1309 1958 1310 1963 κ

211 1988 392 2076 signantur.
432 1987 518 2053 Nam
534 1987 638 2051 autin
661 2008 775 2052 rerum
797 1998 913 2054 natura
934 1991 1101 2056 maiorem
1124 1997 1270 2082 gradum

212 2084 416 2160 spectamus,
454 2082 510 2136 aut
537 2070 629 2136 alteri
656 2071 706 2136 rei
735 2072 945 2138 attribuimus
980 2075 1109 2142 iudicio
1146 2093 1267 2147 nostro

236 2158 462 2239 raestantiam,
491 2167 545 2222 aut
567 2157 699 2221 reiiecta
722 2157 823 2223 altera
854 2181 891 2224 re
921 2162 1140 2228 concedimus
1174 2168 1267 2234 alteri

209 2180 333 2310 baum.
384 2243 487 2307 Primi
512 2242 640 2329 generis
670 2252 747 2306 sunt
772 2244 835 2311 boc
865 2247 981 2334 mgis
1011 2271 1168 2335 ceptrum
1203 2255 1266 2318 sive

210 2329 435 2416 acquirant:
455 2330 589 2396 secundi
605 2329 721 2415 magis
738 2329 801 2395 hoc
823 2352 866 2394 oe
886 2353 966 2394 uum
983 2344 1055 2397 est.-
1077 2338 1179 2400 tertii
1200 2361 1266 2427 po·

211 2415 280 2481 tius
296 2415 359 2478 boc
383 2437 524 2502 aequam
547 2424 608 2479 est.
653 2413 781 2492 Quibus
805 2353 1015 2504 intelligitur,
1036 2420 1119 2504 quid
1141 2422 1265 2489 discri-

210 2500 309 2566 minis
323 2503 467 2575 intersit,
491 2508 603 2562 utrum
617 2499 732 2585 magis
750 2521 956 2586 apponamus
979 2505 1181 2572 attributivo
1202 2532 1264 2573 no-

211 2586 314 2668 mini,
334 2609 376 2650 an
398 2586 586 2649 attribuenti
605 2584 706 2647 verbo
728 2597 795 2664 cst,
817 2583 883 2650 hoc
906 2596 973 2668 est,
996 2600 1113 2654 utrum
1140 2594 1264 2659 condi-

210 2673 337 2736 tionem
359 2681 486 2736 auctam
505 2680 537 2732 et
553 2671 713 2733 maiorem
734 2669 768 2733 in
785 2671 863 2756 ipsis
884 2673 982 2736 rebus
1002 2696 1204 2756 cernamus,
1224 2701 1260 2744 an

208 2757 332 2824 iudicio
351 2757 583 2844 praestantiam
597 2755 644 2818 rei
665 2764 853 2820 statuamus.
895 2759 1063 2822 Praeterea
1086 2763 1262 2828 diversitas

209 2853 366 2931 apparet,
389 2864 452 2928 qua
468 2840 625 2906 vocabula
663 2840 752 2902 otius
771 2851 801 2902 et
840 2841 996 2906 insama
1024 2845 1054 2906 is
1097 2870 1262 2934 tsangua·

210 2951 297 2995 mus.
339 2928 422 2991 Nam
436 2927 552 3012 potius
567 2924 701 3003 indicat,
725 2923 859 2988 alleram
882 2950 952 2992 rem
969 2929 1157 3015 praeferri,
1180 2937 1262 2998 alte-

208 3037 284 3080 ram
304 3012 501 3100 reponi'aut
524 3010 672 3097 excludi,
698 3020 794 3095 atque
817 3015 1002 3096 negationi,
1022 3036 1109 3101 quae
1134 3017 1261 3108 aliquid

209 3110 397 3170 removeat,
421 3109 451 3159 et
471 3094 670 3161 correctioni
686 3095 835 3159 inservit:
853 3098 934 3182 plus
950 3109 1060 3164 autem
1080 3124 1156 3168 nou
1176 3127 1260 3191 qua·

208 3184 334 3263 litatem
359 3192 507 3262 auctam,
534 3179 592 3244 sed
615 3181 830 3267 quantitatem
852 3193 947 3247 notat
969 3185 1019 3248 vel
1039 3189 1178 3253 numeri
1210 3190 1259 3254 vel

208 3266 343 3357 copiae,
373 3267 424 3333 vel
447 3265 600 3332 ambitus.
652 3267 863 3355 Quamquam
886 3269 1103 3354 quotidianus
1125 3273 1259 3361 linguae

208 3356 328 3425 latinas
347 3374 424 3420 usus
443 3351 522 3418 haec
539 3352 672 3432 miscuit
690 3372 757 3414 non
776 3372 843 3414 uno
862 3353 973 3417 modo.

311 3472 577 3542 supersteterant
592 3476 739 3538 praecepta
751 3470 928 3525 Ramsbornii
941 3471 1102 3538 improbans
1116 3489 1185 3529 noro
1198 3473 1249 3525 de·

198 3618 200 3623 .
277 3564 353 3611 creta
369 3557 458 3625 posuit
474 3556 503 3610 in
522 3556 698 3622 premcrid.
713 3556 818 3609 lenens.
837 3554 914 3609 leat.
930 3573 956 3608 n.
973 3556 1016 3607 1⁰.
1036 3559 1128 3629 magii
1139 3556 1253 3627 signttt-

275 3660 339 3696 cure
353 3640 484 3695 maiorem
498 3640 669 3694 altitudinem
692 3646 720 3693 ct
741 3638 974 3709 magnitudinem,
991 3642 1051 3709 pias
1071 3642 1135 3697 vim
1152 3649 1184 3697 ot
1204 3660 1257 3696 co-

275 3725 351 3796 piam
363 3742 473 3788 rcram,
491 3723 538 3775 sed
553 3723 583 3775 ia
595 3741 646 3777 usu
658 3723 770 3794 linguae
785 3723 813 3775 id
834 3722 916 3776 aliter
930 3724 1099 3778 scitabere:
1117 3741 1184 3787 nam
1203 3744 1258 3780 vo·

275 3810 374 3876 cabulo
394 3808 454 3877 piria
475 3806 573 3874 augeri
593 3806 730 3859 notionem
753 3806 814 3873 rei,
841 3809 975 3861 vocabulo
993 3810 1082 3878 magis
1106 3811 1259 3864 certiorem

273 3894 351 3948 reddi
364 3909 424 3945 rem
440 3896 468 3943 ct
481 3890 651 3958 ampliorem.
687 3894 765 3959 Quae
780 3890 870 3945 omnia
886 3899 1016 3961 quautam
1029 3910 1047 3947 a
1060 3894 1188 3949 vertute
1204 3897 1257 3951 eb·

276 3982 388 4039 errent,
405 3993 458 4028 non
476 3977 600 4046 estquod
613 3977 803 4031 demonstrem.

307 4076 451 4135 Noltcnim
471 4072 500 4133 ti
518 4079 612 4136 licxlo.
629 4098 656 4169 p.
669 4076 748 4134 nto.
773 4079 886 4150 „iungis
907 4045 1046 4153 aranon
1064 4078 1096 4137 lu
1121 4080 1263 4139 maiorm
