2654 4770
454 240 737 329 uterorum
814 248 837 307 t
918 294 924 301 -
1055 272 1118 337 err

61 434 183 505 parum
209 423 265 477 aut
283 414 368 487 nibil
388 410 509 495 refert,
532 425 644 485 utrum
666 437 796 502 magno
818 420 919 502 opere
933 421 1114 509 scripseris,
1158 467 1160 471 -

63 523 107 566 an
122 521 354 586 magnopere.-
375 520 490 565 rursus
514 499 585 578 clii,
600 500 725 586 'quibus
748 512 913 566 contracta
938 507 1007 570 sola
1029 530 1113 575 con·-

63 587 240 652 veniunt.⁸‘
284 585 405 665 Quales
419 587 484 650 sint
500 583 638 666 hiloci,
660 607 732 649 non
749 585 897 654 declarat.
943 593 1113 661 Gerebat.
1195 630 1218 637 1-

60 672 123 736 dus
139 671 178 734 ad
196 671 263 736 Cic.
278 671 319 734 de
335 670 405 737 off.
426 677 455 752 1,
472 677 501 748 1,
516 676 547 735 3.
569 671 654 749 „ubi
669 673 835 736 minorem
851 673 915 736 vim
932 674 1049 761 habet,
1075 680 1111 746 in

87 757 180 821 rimis
205 766 283 844 post
298 757 508 844 negationem
534 759 733 821 contractius
754 778 964 843 magnopere
986 767 1110 831 retine·

60 781 197 907 bituw‘
247 841 312 906 Sed
342 863 425 929 quae
455 840 535 916 haee
560 842 671 905 minor
696 843 743 906 vis
773 841 835 921 sit,
866 865 936 907 non
965 850 1114 934 explicat¹
1218 910 1219 913 ,

61 927 216 1015 apertius.
257 927 504 991 Lindemannus
524 925 565 991 de
589 927 729 999 Adverb,
748 931 779 990 4.
800 949 834 1012 p.
853 931 904 995 19.
929 950 1106 1020 „magno-

56 1035 139 1100 pere
165 1022 213 1076 est
235 1011 427 1076 adverbium
452 1013 673 1090 asseverandi,
706 1034 836 1098 magno
869 1023 977 1079 aut'em
1007 1041 1108 1104 opere

19 1156 22 1161 .
58 1109 108 1165 est
124 1100 243 1183 magna
257 1096 434 1179 industria,
461 1119 530 1161 non
540 1097 758 1171 adverbium,
779 1097 837 1169 sed
854 1098 1001 1183 phrasis,
1024 1126 1107 1189 quae

55 1181 227 1251 interdum
251 1183 393 1248 adverbii
418 1183 522 1247 vicem
544 1183 649 1261 subit,
681 1181 764 1246 nibil
785 1192 895 1247 tamen
926 1184 966 1249 de
999 1190 1108 1257 natica

57 1269 161 1334 suavi
176 1269 367 1333 immutans.
408 1269 504 1332 Vnde
518 1289 728 1355 magnopere
745 1289 806 1353 pro
831 1289 887 1345 eo,
910 1270 999 1354 quod
1025 1275 1108 1343 dici-

58 1352 239 1432 tur'uulde,
262 1362 378 1419 contra
394 1376 524 1440 magno
541 1375 641 1439 opere
654 1375 837 1438 numquam
857 1375 919 1438 pro
937 1355 1037 1421 ualde
1051 1383 1107 1424 ae-

58 1436 126 1527 cipi
139 1447 289 1527 potest.“
333 1440 500 1504 Nimirum
515 1437 578 1502 hae
593 1437 723 1511 formae
746 1461 785 1503 eo
810 1437 989 1520 differunt,
1014 1445 1106 1527 quod

56 1523 92 1591 in
109 1524 210 1589 altera
227 1525 292 1589 duo
310 1527 447 1590 nomina
464 1545 531 1588 uno
549 1533 681 1591 accentu
697 1523 1046 1610 comprehenduntur,
1069 1529 1105 1594 in
1186 1542 1189 1554 ’

56 1609 159 1675 altera
182 1619 359 1696 utrumque
383 1633 507 1674 nomen
530 1631 590 1672 suo
616 1619 751 1672 accentu
775 1619 921 1689 notatur.
971 1611 1106 1677 Nihilo·
1202 1668 1206 1675 ,

55 1697 168 1760 minus
182 1704 292 1758 tamen
311 1699 397 1760 inter
411 1705 534 1759 veteres
549 1692 700 1769 fuerunt,
725 1694 780 1783 qui
794 1694 973 1761 scriberent
987 1697 1105 1784 reipu-
1140 1718 1142 1722 ⁴

56 1778 184 1857 (uticae,
207 1779 447 1846 iurisiurandi.
488 1778 539 1843 cf.
554 1778 675 1842 librum
694 1778 737 1842 de'
760 1783 837 1843 Arte
858 1780 913 1844 la't.
938 1780 1104 1849 scribendi
1172 1863 1175 1867 .
1255 1776 1259 1795 ³

54 1886 89 1954 p.
108 1870 181 1930 109.
228 1866 339 1944 Quare
356 1887 423 1929 non
437 1863 507 1928 sine
523 1886 633 1929 caussa
650 1863 793 1928 Orellius
818 1863 857 1928 ad
882 1866 950 1929 Cic.
978 1866 1017 1931 de
1035 1868 1101 1933 Off.

59 1955 186 2031 1‚1,e.
215 1950 414 2037 obloquutus
439 1960 504 2014 est:
529 1950 685 2026 „nullum
707 1950 791 2013 inest
811 1950 985 2030 discrimen
1001 1952 1102 2039 signi·
1186 1994 1190 2001 ·

56 2035 258 2100 ficationis.“
313 2037 443 2100 Scilicet
473 2036 508 2101 in
539 2035 589 2098 his
616 2036 799 2100 Ciceronis:
841 2058 942 2122 qaum
970 2059 1112 2123 puero-r

56 2143 133 2186 rnm
148 2116 410 2271 igitnrsormas
433 2130 466 2184 et
488 2142 634 2206 corpora
650 2120 846 2208 magnoln'c
866 2126 967 2207 opere
989 2122 1105 2204 miraff

55 2218 171 2272 retur:
202 2207 258 2292 qni
305 2207 391 2271 uliud
412 2206 574 2292 intelligas
598 2226 696 2290 quarn
721 2204 845 2288 valde?
892 2205 976 2270 Mihi
1000 2208 1102 2294 igitur

57 2292 104 2357 ita
120 2289 256 2377 videtur.
288 2293 432 2377 Vtraque
445 2289 553 2353 forma
569 2314 586 2354 a
605 2290 764 2353 veteribus
777 2291 995 2376 scriptoribus
1013 2304 1045 2356 ct
1061 2294 1101 2359 ab
1192 2290 1198 2304 ”

56 2376 173 2442 iisdem
191 2377 323 2462 quidem
348 2374 565 2462 usurpabatur
587 2376 788 2462 promiscue,
812 2397 872 2438 nee
898 2389 1039 2461 possunt
1057 2379 1101 2442 li·
1170 2379 1172 2385 ’

13 2525 17 2530 2
57 2461 128 2537 bri,
150 2464 205 2546 qui
221 2485 310 2525 nunc
328 2462 475 2540 exstant,
500 2469 587 2525 certa
611 2460 729 2523 indicia
752 2461 897 2546 integrae
919 2461 1100 2544 scripturae
1163 2496 1165 2501 ·

56 2547 93 2612 in
123 2546 258 2632 singulis
289 2547 371 2611 locis
389 2545 539 2629 offerre.
601 2545 664 2608 Atii
692 2544 781 2610 enim
816 2545 947 2628 librarii*
979 2544 1101 2632 ubique

56 2655 187 2718 magno
203 2637 321 2718 opere,
342 2642 380 2695 ut
400 2632 433 2695 in
455 2631 585 2718 gudian.
603 2635 634 2693 2.
656 2629 845 2707 Ciceronis,
866 2629 900 2692 in
917 2631 1024 2695 lovan.
1043 2633 1101 2696 Li-

57 2717 119 2791 vii,
142 2717 194 2781 alii
208 2720 419 2804 magnopere
442 2715 618 2780 dederunt:
642 2715 678 2778 in
697 2715 911 2814 palimpsesto
936 2715 1098 2781 librorum

59 2802 99 2866 de
115 2802 295 2890 Republica
315 2803 466 2866 librarius
482 2801 575 2890 prior
594 2800 722 2887 scripsit
739 2820 967 2949 magnopere,
996 2800 1101 2866 inter·

56 2887 191 2977 polator
216 2888 362 2953 correxit
379 2886 539 2952 distractis
556 2883 707 2960 vocibus,
729 2886 781 2949 eui
816 2885 931 2959 formae
947 2885 1105 2952 Moserus¹

56 2997 91 3060 p.
106 2974 158 3037 40.
177 2974 289 3038 tribuit
307 2972 508 3060 antiquitatis
529 2993 701 3058 saporem,
721 2992 820 3059 quem
843 2969 995 3057 equidem
1019 2993 1098 3038 sen-

26 3110 29 3115 .
55 3061 119 3123 tire
141 3080 282 3144 nequeo.
332 3059 446 3144 Neque
471 3058 536 3122 ulla
560 3066 696 3145 apparet
721 3061 905 3122 constantia
931 3057 1017 3121 alibi.
1059 3057 1099 3121 In

56 3143 168 3209 eadem
189 3146 276 3207 enim
290 3147 447 3208 sententia
461 3141 564 3207 modo
587 3164 817 3228 magnopere,
841 3141 943 3212 modo
968 3162 1125 3253 magna--⁴¹
1156 3226 1159 3231 ῃ

54 3229 299 3318 operelegitur.
342 3226 469 3311 'lamen
485 3226 568 3291 nihil
584 3226 791 3312 impediebat,
814 3224 880 3311 quo
897 3228 1005 3303 minus
1022 3240 1100 3291 vert·
1167 3261 1169 3265 ·
1264 3244 1273 3263 ⁴

55 3317 105 3381 bis
130 3335 259 3399 magno
284 3333 383 3396 opere
408 3314 505 3376 etiam
528 3310 763 3396 significaretur
785 3333 904 3396 magna
926 3311 1097 3392 industria,

53 3420 215 3486 magnum
229 3399 390 3476 studium,
415 3398 508 3461 sicuti
527 3397 681 3466 dixerunt
695 3394 825 3460 maiore
843 3420 943 3482 opere
963 3408 993 3462 et
1019 3419 1098 3462 mu-

54 3489 146 3551 ximo
161 3496 271 3570 opere.
316 3482 512 3546 Vd.Caton.
533 3480 620 3568 apud
642 3481 879 3556 Gellianus.
1075 3490 1078 3495 '

138 3568 284 3634 Nos'hio
307 3589 382 3631 eum
409 3587 503 3630 usum
533 3567 642 3654 praeci
668 3587 708 3630 ue
740 3565 998 3647 consideremus,
1029 3586 1096 3652 quo
1125 3596 1129 3647 ς

58 3674 186 3738 magno
207 3677 308 3741 opere
330 3663 362 3716 et
383 3659 593 3738 magnopere
614 3589 758 3716 adverbii
785 3648 889 3715 instar
919 3649 1097 3730 dicebatur,
1155 3671 1157 3674 ’

57 3758 120 3800 nec
143 3737 189 3800 illi
210 3742 370 3803 maiorem
391 3738 572 3801 tribuamus
594 3736 660 3800 vim
693 3756 790 3822 quam
815 3735 891 3802 huie
923 3734 966 3800 ob
991 3737 1097 3824 ipsam

57 3822 224 3893 formama,
245 3825 368 3888 ·Nemo
394 3823 483 3888 enim
506 3836 744 3910 germanorum
773 3824 974 3911 scriptorum
1001 3833 1124 3900 voca·

61 3908 137 3972 bula
154 3907 317 3994 gewisoer
338 3906 525 3998 Messenet
545 3903 842 3996 gewissermassen
865 3906 1099 3992 significatione

59 3993 245 4080 distinguat.
289 3995 399 4074 Quare
419 4015 482 4058 nos
509 3992 546 4058 in
569 3990 748 4058 afferendis
775 3994 934 4080 exemplis
961 3989 1099 4055 adhibe·

59 4079 167 4229 bIrfflta
194 4078 358 4166 vulgares,
381 4079 438 4144 sed
457 4079 561 4144 bonas
585 4078 763 4154 editiones,
784 4098 891 4229 ppque
913 4096 989 4140 eum
1004 4087 1107 4139 non-¹
