2632 4770
209 210 282 302 'aa
457 195 464 214 ⁴
670 229 876 297 nicar·

284 389 339 444 ‘ries
351 387 509 459 measa
524 384 650 439 tribunes.
685 385 769 441 Tusa.
790 386 816 453 4,
831 384 876 454 et,
890 385 934 442 68.
950 380 1068 459 manete
1086 378 1154 441 unet
1167 385 1281 442 bucete-
1305 458 1306 463 ἵ

217 509 220 515 ,
285 476 428 527 rear-istae.
460 471 509 526 ubi
522 471 756 525 bene-Bentleiue
771 479 907 527 monstret
926 471 982 526 trin
1003 490 1065 526 erse
1078 473 1187 525 -ve’rbn
1205 491 1282 540 quan

285 562 326 613 eir
340 562 408 612 licet.
442 559 477 610 de
491 557 553 611 Nat.
571 557 598 609 d.
617 556 643 620 8,
660 555 704 621 86,
719 556 763 610 88.
797 557 846 610 uiri
860 557 923 610 vita
936 557 1084 611 Heindorf.
1121 559 1245 610 Lucret.
1261 556 1284 621 6,

286 643 347 697 ool.
373 645 432 695 licet
460 643 575 711 quarreria
599 642 695 694 coetum
720 634 868 710 terramque
895 650 1003 696 reantur
1023 645 1196 712 incorrepta
1218 649 1284 713 fare,

256 770 257 775 ¹
286 738 408 781 aeternae
421 727 549 779 mandata
564 719 658 778 Saluti.
693 725 741 778 ulti
755 726 917 779 Wakefield.
1064 715 1067 725 ’

291 830 350 895 His
379 828 553 892 enuntiatis
579 829 707 925 opponi
730 812 861 913 poterat
890 829 952 894 alia
976 808 1171 915 sententia,
1202 848 1284 915 quae

68 905 72 911 ⁴
116 930 119 934 '
218 914 432 1005 significan,
461 913 677 977 nihilominus
703 913 837 978 alteram
859 937 931 979 rem
953 912 1044 984 fieri.
1064 910 1199 999 ianque
1227 913 1284 976 ed-

197 1001 413 1089 iangebatur
437 999 526 1062 nuile
557 998 675 1084 copula
706 998 887 1065 interiecta.
939 986 992 1064 Sic
1023 1000 1097 1065 Cic.
1136 999 1186 1064 ad
1220 1002 1283 1063 Aa.

218 1088 269 1160 14,
284 1089 315 1150 4.
337 1084 398 1148 sed
415 1083 532 1147 omnia
556 1083 637 1147 licet
661 1097 884 1155 concurrant.-
916 1085 993 1150 idas
1008 1085 1176 1150 martiae
1202 1109 1283 1149 con-

213 1173 384 1243 notantur.
426 1169 474 1233 lta
493 1168 582 1233 enim
598 1179 645 1233 est
664 1171 895 1251 scribendum,
919 1194 990 1236 non
1010 1182 1197 1236 commate
1220 1194 1282 1261 po·

215 1257 297 1341 sito,
323 1255 415 1343 quasi
434 1254 513 1318 iicet
530 1276 592 1341 pro
611 1254 676 1320 etei
691 1257 839 1355 positum
855 1259 907 1321 sit.
1147 1324 1149 1334 ¹

297 1343 405 1406 Nemo
422 1362 491 1403 non
505 1339 674 1428 intelligia
696 1341 799 1406 rn'his
824 1340 977 1411 omnibns
999 1340 1081 1405 lieet
1108 1364 1190 1406 non
1218 1363 1281 1406 esse

216 1428 501 1506 coniunctionem,
525 1425 583 1490 sed
605 1426 761 1491 verbam:
791 1450 850 1493 nec
871 1424 1029 1492 Prisciani
1052 1425 1279 1514 aliorumque

213 1515 506 1662 grammaticorum
526 1512 658 1596 decreta
675 1513 715 1576 ad
735 1514 957 1600 antiquiorem
978 1533 1076 1576 usum
1106 1525 1276 1602 spectant.

242 1596 267 1662 f.
284 1601 436 1663 Priscian.
451 1621 485 1683 p.
498 1601 588 1662 1028.
612 1599 718 1663 Vossii
734 1599 912 1669 Aristareh.
927 1605 956 1662 1.
974 1620 1006 1685 p.
1022 1602 1103 1662 878.
1153 1601 1274 1664 Postea

214 1693 324 1751 tamen
344 1684 429 1750 facta
447 1685 667 1765 nammatio,
688 1685 778 1748 cuius
795 1684 957 1774 principia
973 1683 1200 1759 considerare
1216 1706 1274 1749 nos

72 1803 75 1812 ·
133 1830 137 1848 ,
180 1795 182 1798 ’
215 1779 359 1856 oportet.
400 1769 568 1834 Nimirum
592 1767 646 1833 ubi
674 1770 846 1835 accedebat
871 1770 1182 1846 alterasententia,
1208 1773 1272 1835 La·

213 1856 275 1919 tini
293 1879 363 1937 eam
386 1866 424 1919 ut
438 1855 558 1918 arctius
574 1853 786 1942 copularent,
814 1879 874 1943 pro
901 1856 1144 1920 coniunctione
1173 1879 1271 1920 risur-

211 1939 334 2028 pnbant
350 1940 508 2022 verbum,
531 1941 583 2004 cui
605 1962 702 2023 saepe
716 1941 935 2028 respondebat
950 1953 1078 2005 tamen.
1127 1942 1271 2008 Nihilo-

209 2026 319 2090 minus
335 2025 487 2090 manebnt
505 2047 568 2089 nna
590 2023 784 2110 significatio
807 2027 1046 2108 concessionis,
1071 2048 1184 2112 quam
1211 2042 1277 2091 nos¹

198 2104 319 2175 'verbis'
337 2111 505 2175 reddimus
518 2132 607 2196 nurg
621 2111 671 2175 vei
692 2111 822 2202 aurfte,
848 2115 971 2178 diversa
986 2111 1126 2198 quidem
1147 2138 1168 2176 a
1189 2137 1268 2201 par-

210 2195 318 2261 ticulis
339 2217 560 2283 quamquam,
583 2198 668 2261 etsi:
691 2196 747 2262 sed
765 2199 893 2263 verbale
909 2198 989 2262 illud
1006 2199 1045 2261 ab
1064 2198 1170 2263 initio
1190 2223 1265 2262 sen-

210 2283 332 2346 tentiae
357 2283 501 2367 positum
525 2284 628 2346 ricem
655 2283 893 2349 coniunctioms
918 2294 1073 2371 praestat.
1129 2285 1263 2349 Primus

211 2368 299 2441 enim
315 2367 407 2432 iocus
425 2368 453 2430 ei
471 2378 518 2429 est
534 2368 763 2454 assignandus,
789 2369 853 2435 nisi
874 2371 1136 2458 praemittuntur
1161 2392 1264 2434 voca-

210 2452 298 2534 bula,
315 2461 397 2539 q'uae
413 2454 474 2542 ipsi
490 2451 567 2516 huic
585 2454 683 2516 verbo
700 2455 881 2520 inhaerent.
904 2455 934 2519 T
934 2455 1074 2519 causitus
1093 2466 1214 2519 autem
1234 2456 1265 2519 in

107 2571 112 2583 ·
209 2537 299 2603 hunc
325 2560 421 2607 usum
443 2549 578 2624 apparat
594 2542 628 2601 in
644 2539 725 2602 locis
741 2541 826 2604 illius
843 2541 989 2626 generis,
1014 2542 1108 2605 cuius
1127 2553 1182 2606 cst
1199 2543 1263 2607 Cic.

192 2626 249 2688 'de'
270 2626 410 2710 Harusp.
435 2625 532 2710 Resp.
559 2629 663 2703 9,19.
692 2648 793 2711 quana
825 2628 972 2691 volamus
998 2625 1096 2704 lieet,
1132 2627 1264 2692 Patres

210 2710 420 2796 Conscripti‚
458 2710 527 2795 ipsi
564 2733 626 2773 nos
660 2733 828 2793 amemus,
867 2725 984 2776 tamen
1013 2735 1074 2776 nec
1114 2736 1262 2778 nrtnzero

206 2788 382 2883 Hispanos
398 2818 459 2858 nec
473 2793 591 2858 robore
609 2794 729 2858 Gallos
743 2834 802 2873 -‚
825 2797 885 2862 sed
898 2796 1033 2884 pietate
1051 2821 1095 2860 ac
1111 2799 1262 2886 religio-

206 2904 249 2945 ne
276 2886 317 2933 -2
346 2903 460 2945 omnes
490 2891 609 2966 gentes
638 2882 855 2969 nationesque
883 2882 1132 2970 serperarimns.
1175 2887 1200 2949 i.
1227 2911 1260 2970 q.

207 2967 355 3053 quamvis
373 2966 458 3031 iicet.
501 2964 678 3028 Diomedes
695 2989 728 3050 p.
746 2972 819 3032 387.
843 2969 994 3054 quamvis
1019 2979 1049 3031 et
1065 2968 1150 3033 licet
1167 2970 1259 3036 inter

206 3052 454 3116 coniunctiones
471 3053 632 3113 nominat.
678 3052 729 3115 Cf.
748 3054 900 3119 Priscian.
920 3059 969 3119 16.
986 3077 1020 3140 p.
1039 3058 1137 3138 1028.

308 3152 366 3206 Cic.
382 3171 407 3220 p.
426 3155 506 3205 Raso.
521 3154 581 3204 Am.
598 3155 641 3218 11,
657 3155 700 3208 31.
719 3159 839 3227 quoniam
859 3157 959 3224 quidem
975 3156 1052 3207 semel
1073 3160 1200 3227 saraceni,
1220 3163 1256 3212 a·-

272 3247 310 3290 cet
328 3240 429 3303 hercule
442 3239 552 3307 undique
569 3257 654 3291 omnes
671 3249 780 3292 terrores
793 3241 957 3309 periculaque
971 3242 1137 3308 impendeant
1153 3248 1255 3307 amnia,

270 3341 415 3375 succurram
439 3331 516 3391 atque
538 3326 635 3392 subibo.
669 3325 768 3394 virgil.
783 3327 849 3377 Aea.
870 3324 895 3389 6,
912 3323 972 3375 466.
995 3343 1041 3376 nec
1063 3327 1119 3378 aim
1140 3330 1194 3380 tela
1204 3335 1253 3396 se-

270 3416 344 3470 rant,
365 3408 423 3456 licet
438 3408 530 3476 ingens
547 3410 647 3462 ianitor
668 3420 745 3463 antro
763 3419 896 3463 aeternum
916 3411 1015 3467 intrans
1033 3414 1175 3482 exsanguis
1194 3421 1247 3462 ter-

269 3498 326 3542 reat
340 3492 461 3556 amaras,
479 3500 550 3543 casta
564 3495 624 3545 iicet
638 3495 729 3563 patrui
742 3503 822 3546 servet
841 3495 994 3561 Proserpina
1007 3493 1094 3549 limen.
1129 3493 1244 3561 Quintil.

267 3573 294 3638 6,
309 3576 334 3639 4,
347 3574 390 3628 15.
407 3594 468 3627 nam
490 3578 652 3644 improbitas,
670 3581 728 3631 iicet
742 3579 891 3630 aduersario
908 3580 1014 3629 molesta
1031 3581 1083 3644 sit,
1100 3579 1179 3631 iudici
1203 3581 1247 3631 in·

267 3660 325 3710 aisa
347 3669 392 3712 est.
428 3661 566 3724 10,1,99.
591 3664 620 3714 ia
641 3666 771 3716 comoedia
788 3660 898 3714 manime
919 3664 1111 3729 claudicamus,
1133 3664 1192 3716 licet
1213 3693 1249 3705 -

268 3744 409 3796 Caeciliam
427 3755 520 3798 veteres
532 3747 763 3814 laudibaeJerant,
784 3751 842 3802 iicet
855 3750 969 3801 Terentii
984 3750 1081 3818 rcripta
1091 3751 1129 3800 ad
1145 3751 1248 3820 Scipio-

207 3850 209 3854 ·
262 3844 320 3880 nem
335 3831 488 3896 Africanam
501 3834 658 3895 referantur.

301 3912 430 3980 Sequitur
449 3923 521 3967 carte.
559 3917 614 3967 Cic.
628 3918 711 3969 Aeaci.
731 3917 815 3982 232,
833 3917 892 3969 102.
918 3918 975 3969 iicet
989 3917 1056 3970 enirn
1072 3918 1141 3972 iraec
1161 3922 1246 3988 qniar'e

263 3997 395 4050 arbitratu
407 4016 452 4049 suo
466 3988 646 4065 reprehendat,
664 4004 731 4070 qaod
743 4020 864 4072 negemus
875 4021 929 4055 rem
945 4003 1025 4055 utiam
1040 4003 1146 4073 percipi
1158 4023 1245 4076 posse,

262 4088 328 4136 certe
340 4082 417 4135 leuior
432 4085 590 4151 reprehensio
610 4093 656 4139 est.
