2632 4770
615 237 814 307 INVICEM.

210 403 215 412 “
263 403 329 458 tium
341 401 479 468 suctione:
499 413 608 466 quorum
623 380 805 448 auctoritatem
821 391 956 462 atquibus
972 392 1056 473 modis
1072 399 1158 462 posset
1186 393 1259 447 inui-

207 528 211 536 -
263 505 318 541 cem
332 486 497 546 deminuere,
515 489 623 550 tropaea
643 481 671 533 C.
689 480 771 531 Marii
787 505 819 518 -
834 477 950 546 restituit.
985 475 1080 529 Tiber.
1095 476 1139 531 20.
1156 479 1181 531 si
1194 496 1260 548 per-

265 570 432 631 severaverit,
451 569 558 620 invicem
572 583 630 618 eum
643 567 729 617 odero.
760 559 878 630 Quintil.
892 561 941 629 ,10,
951 561 980 630 1,
999 562 1043 615 21.
1061 561 1263 638 contumeliosos

265 656 293 708 in
310 672 337 707 se
350 655 416 706 ridet
432 654 543 705 invicem
558 651 711 718 eloquentia.
760 653 782 696 .’
821 688 824 699 .
892 653 895 657 ’

301 758 413 811 Sueten.
426 753 497 823 Aug.
511 751 554 805 10.
569 768 729 824 percussores
743 750 768 803 ei
780 724 941 829 urbapnnoit.
976 748 1036 801 Hae
1049 751 1150 817 scande
1165 752 1263 821 deprc-

268 844 349 896 bensa
362 840 503 909 perieulum
520 839 626 890 invicem
640 843 753 887 manens
767 824 897 893 veteram
915 834 994 887 simul
1009 835 1037 888 in
1052 852 1128 888 suum
1151 853 1187 909 ao
1208 837 1264 890 rei·

242 925 243 929 ’
266 925 387 998 publicae
400 923 527 976 auritium
543 949 580 962 -
596 922 731 974 contrarii.
982 934 983 937 ’

247 1101 249 1106 V
303 1025 478 1096 StatThcb.
488 1023 520 1114 J,
534 1023 596 1078 810.
613 1041 670 1077 eece
685 1024 739 1076 otte
751 1038 876 1092 praeceps
887 1023 981 1076 bamus
996 1039 1040 1076 ore
1051 1023 1191 1092 profundo
1205 1023 1267 1077 dim.

199 1179 201 1183 Ι
267 1112 339 1177 silit,
356 1111 432 1178 inque
445 1111 526 1163 vicem
539 1110 684 1162 timuerunt
698 1109 785 1160 sidero
800 1114 825 1160 et
842 1108 966 1167 umbrae.

308 1213 369 1268 loir.
393 1213 420 1278 2,
441 1210 485 1276 12,
507 1209 534 1262 5.
560 1228 614 1263 non
637 1211 736 1280 praedo
759 1227 805 1262 nec
825 1211 1024 1278 populationum
1046 1210 1158 1263 inuicem
1182 1211 1260 1264 uber.

224 1302 228 1307 '
271 1298 387 1367 Quintil.
401 1299 427 1362 3,
441 1295 486 1360 10,
503 1295 528 1347 4.
554 1296 594 1347 sui
611 1295 704 1346 similis
717 1295 767 1347 erit
788 1280 943 1362 petitionum
961 1295 1070 1347 invicem
1087 1295 1262 1347 diuersarum.

258 1385 350 1441 ‘llaec
368 1381 499 1433 differunt
524 1378 645 1431 abillis.
679 1377 723 1429 tbi
745 1378 860 1430 dicimus
882 1380 928 1431 der
950 1380 1123 1432 erwiedernde
1145 1381 1261 1446 Rricher,

236 1494 239 1499 r
269 1468 317 1520 hie
329 1464 395 1519 vero
411 1467 453 1518 die
467 1463 663 1534 gegenseitigen
679 1461 885 1532 Forderungen‚
904 1479 975 1529 queo
999 1479 1016 1515 a
1035 1464 1138 1516 duobus
1161 1471 1261 1533 postu-

271 1551 363 1605 lentur
385 1550 490 1603 eedem.
534 1549 645 1600 Sueten.
668 1547 732 1599 Tib.
754 1545 797 1599 16.
819 1566 848 1600 eo
869 1555 1018 1600 testamento
1039 1550 1147 1615 *heredes
1171 1553 1262 1619 aequis

194 1626 198 1632 ⁹
267 1636 387 1705 partibus
400 1631 503 1701 reliquit
521 1633 613 1693 Caium
627 1651 658 1686 en
674 1632 826 1684 Germanico
846 1639 870 1684 et
887 1633 1015 1684 Tiberium
1032 1651 1062 1684 en
1077 1634 1168 1687 Druso
1182 1653 1263 1704 nepo-

272 1729 318 1784 tes,
336 1718 517 1785 substituitque
527 1718 643 1770 inuicem.
661 1707 678 1768 i'.
698 1734 722 1770 e.
742 1712 840 1770 Cuiam
853 1711 970 1769 Tiberio
983 1721 1011 1769 et
1029 1716 1174 1770 Tiberium
1183 1720 1261 1774 Caio.

213 1848 215 1854 .
273 1804 345 1857 Ptin.
361 1803 433 1856 Hist.
453 1820 480 1854 n.
495 1801 537 1864 10,
554 1800 597 1862 23,
612 1801 832 1872 32.Ᾰςεπὶιιίοιιιιι
856 1809 985 1854 senectam
1007 1803 1117 1855 invicem
1139 1807 1262 1858 educant.

275 1886 296 1940 i.
313 1905 337 1939 e.
355 1888 426 1956 pulli
439 1885 562 1939 nutriunt
586 1891 691 1938 mutate
708 1884 766 1936 viee
782 1886 1004 1951 senescimus,
1022 1896 1052 1940 ut
1067 1889 1121 1956 ipsi
1135 1889 1263 1958 eliquen-

218 2000 221 2005 ·
273 1970 309 2023 do
324 1971 403 2027 abiis
416 1971 511 2024 nutriti
528 1977 597 2023 cuns.
634 1968 789 2035 10,14,05.
808 1973 914 2023 aesalon
929 1980 1034 2024 vocatur
1047 1991 1131 2041 parva
1145 1979 1212 2040 avis,
1226 2005 1262 2016 —-

213 2090 217 2099 ·
274 2058 346 2107 euius
365 2057 433 2125 pulli
456 2058 616 2121 infestantur
646 2073 664 2106 a
687 2056 817 2123 vulpibus.
862 2057 974 2108 Invicem
995 2045 1058 2109 baec
1082 2063 1185 2114 catulos
1207 2063 1263 2115 eius

157 2182 162 2191 ,
251 2208 252 2216 ¹
275 2142 408 2208 ipsamque
424 2142 503 2194 vellit.
550 2164 551 2169 ¹

215 2272 218 2276 ·
308 2242 384 2294 Idem
394 2247 436 2296 cst
452 2242 524 2311 quod
537 2250 626 2295 contra
637 2242 709 2310 apud
725 2241 872 2297 Pnups...
889 2242 932 2309 30,
949 2243 974 2295 1.
993 2244 1070 2310 cauit,
1085 2253 1116 2299 ut
1130 2247 1261 2303 insereris

275 2327 347 2399 bonis
356 2333 447 2395 frater
462 2335 488 2381 et
503 2334 595 2380 eontra
610 2329 638 2380 in
646 2312 745 2393 frictris
759 2344 847 2394 soror,
864 2337 941 2396 utque
957 2346 1037 2396 avos,
1054 2332 1115 2384 avia
1124 2334 1164 2385 n'n
1178 2336 1264 2403 neptis

181 2446 186 2452 -
214 2426 217 2431 ·
275 2412 420 2478 nepotisque
441 2419 465 2464 et
491 2412 598 2465 invicem
626 2413 666 2463 itti
689 2420 857 2464 servarentur
884 2414 1021 2465 immunes.
1072 2417 1136 2469 Huc
1168 2420 1263 2473 refero

276 2496 401 2562 Propert.
422 2494 449 2559 3,
464 2494 508 2560 25,
526 2495 561 2549 15
578 2495 631 2565 (23,
647 2493 704 2562 35.)
729 2497 830 2548 exclusa
853 2499 926 2564 inque
948 2496 1029 2550 uicem
1047 2504 1137 2567 fastus
1156 2505 1266 2571 patiare

225 2596 228 2601 ·
278 2581 403 2649 superbos.
430 2580 477 2632 ubi
493 2584 665 2634 Burmannus
681 2581 787 2634 fallitur
803 2581 831 2633 in
845 2581 945 2634 iudicio
963 2583 997 2635 de
1013 2583 1106 2654 inepto
1121 2586 1263 2654 scripturn

276 2666 352 2732 inque
374 2666 450 2717 vices.

313 2764 385 2829 Plio.
401 2767 474 2822 Hinc.
490 2766 532 2834 19,
551 2768 594 2832 10,
613 2765 656 2820 51.
681 2785 711 2820 er
726 2769 825 2838 'semine
849 2771 978 2822 brassicae
1000 2773 1089 2824 veteris
1108 2791 1177 2842 rapa
1191 2777 1266 2841 fiunt

204 2930 208 2944 .
275 2859 353 2920 atque
378 2853 494 2906 inuicem.
519 2853 537 2906 i.
554 2870 581 2906 e.
607 2854 663 2905 and
684 2855 849 2922 umgebebrt.
883 2854 935 2921 28,
959 2855 990 2920 6,
1013 2857 1054 2908 11.
1083 2859 1194 2911 invicem
1223 2856 1270 2912 di:

276 2954 352 2990 versa
369 2955 440 2991 aure.

296 3051 326 3111 9.
345 3047 499 3131 »Denique
513 3043 654 3109 invicem
672 3042 728 3126 fit,
750 3045 841 3130 quod
858 3035 897 3110 eb
926 3058 1063 3135 utroque
1088 3062 1185 3136 parte
1207 3075 1265 3118 re-

215 3131 411 3218 spondendo
426 3130 464 3193 fit
483 3151 597 3214 aeque.
642 3131 753 3210 Quare
774 3129 871 3195 etiem
898 3147 1075 3221 usurpetur
1093 3136 1134 3200 de
1150 3138 1263 3214 rebus,

157 3279 159 3283 ,
214 3240 296 3303 quas
322 3217 499 3302 aequaliter
521 3217 586 3278 duo
610 3219 737 3300 experti
758 3229 854 3298 suut,
877 3228 908 3281 et
934 3220 973 3283 de
994 3221 1095 3298 locis,
1117 3247 1264 3308 quorum

212 3325 253 3368 ex
270 3303 372 3367 altero
393 3301 433 3363 od
450 3301 590 3365 aiterum
607 3303 695 3367 idem
712 3312 762 3366 est
779 3306 947 3368 transitus.

248 3410 254 3423 '
313 3421 427 3489 Quintil.
443 3419 469 3485 4,
483 3421 509 3485 5,
523 3420 565 3474 21.
581 3423 619 3499 sio
634 3430 744 3490 utroque
761 3441 800 3476 res
816 3426 924 3477 invicem
940 3427 1052 3478 iuuabit:
1070 3428 1167 3494 eritque
1183 3427 1261 3477 iudos

275 3508 345 3559 circa
367 3507 407 3558 ius
421 3515 539 3558 nostrum
559 3524 604 3575 spe
621 3509 761 3560 modestiae
786 3512 924 3574 attentior,
944 3512 1014 3564 circa
1030 3513 1178 3565 modestiam
1195 3510 1261 3562 iuris

274 3592 425 3659 probatione
440 3592 584 3665 proclivior.
691 3648 693 3652 ,
1097 3604 1099 3609 ⁴

312 3692 400 3745 Tacit.
414 3692 488 3746 ssiat.
502 3694 527 3758 1,
545 3693 588 3753 05.
604 3697 700 3748 multae
717 3697 828 3749 invicem
842 3698 936 3749 clades.
970 3696 997 3762 4,
1016 3697 1057 3751 31.
1078 3701 1113 3752 cf.
1127 3698 1201 3752 Livii
1221 3701 1266 3752 lo-

276 3794 339 3859 ‚eum
357 3797 383 3847 p.
400 3777 461 3831 454.
503 3781 553 3831 Est
570 3783 621 3846 aus
644 3781 734 3832 beiden
755 3782 848 3833 Seiten.
882 3783 976 3834 Duret.
998 3784 1104 3854 Phryg.
1121 3787 1267 3840 deExeid.

280 3861 357 3915 Tuci.
370 3863 414 3917 21.
433 3864 518 3917 multa
534 3865 643 3915 inuicem
657 3865 741 3916 millia
758 3865 823 3916 Orco
840 3867 1014 3919 dimittuntur.

314 3967 428 4034 Quintil.
449 3965 594 4031 5,10,10.
620 3974 655 4018 est
676 3967 782 4019 invicem
807 3987 959 4038 consequens
979 3979 1004 4024 et
1027 3977 1095 4043 qaod
1115 3991 1146 4026 er
1159 3975 1269 4028 diuersis

231 4134 233 4139 Ι
276 4052 347 4147 iciant
358 4054 478 4109 ostendit.
512 4050 586 4107 Plio.
609 4051 676 4115 Bon·
690 4050 733 4116 32,
749 4052 776 4107 2.
795 4054 835 4106 bis
852 4057 961 4110 alternis
978 4059 1160 4130 commatibus
1176 4060 1269 4114 orien-
