2632 4770
185 251 252 327 646
608 250 822 329 tutunus.

255 413 351 479 66661,
367 409 503 479 inprimis
517 407 591 462 noti·
601 425 686 463 emmo
700 410 773 480 isque
787 410 885 469 mutus
899 410 931 466 de
944 416 972 465 tc
980 409 1058 481 suits
1078 427 1109 464 ec
1123 429 1173 480 quo
1187 412 1252 466 certi

254 501 291 553 ad
306 515 357 562 ca,
376 513 441 585 pum
454 500 508 549 etc.

270 615 303 675 3.
326 607 548 694 Componitur
565 624 641 668 cum
667 603 784 680 verbis,
808 618 846 670 ut
863 605 1078 694 intelligatur,
1101 605 1251 692 aliquem

163 695 251 761 =nisi
267 694 434 782 primum,
457 701 568 755 tamen
593 689 680 767 inter
704 690 833 779 primos
853 691 978 780 aliquid
1001 691 1128 774 facere,
1153 696 1251 760 etita

143 817 147 821 —
189 782 316 872 agendo
335 800 404 842 non
421 797 558 842 cessare.

292 898 401 954 cornel.
414 899 497 951 Pane.
512 894 547 961 6,
560 896 587 949 3.
604 896 701 950 dicitur
717 925 753 935 -
769 904 879 951 matrem
896 898 1045 950 Pannoniae
1061 925 1097 936 -
1111 907 1252 969 postquam

255 988 289 1042 de
307 987 402 1039 sceiere
416 983 474 1052 pttt
495 983 646 1052 compererit
670 981 721 1049 (ita
734 975 786 1035 'est
808 981 1012 1049 scribendum),
1038 984 1068 1035 in'
1087 986 1182 1053 primis
1213 987 1250 1038 od

248 1074 340 1142 filiam
355 1070 528 1122 claudendam
547 1065 661 1137 lapidem
677 1068 714 1118 ad
732 1067 865 1122 introitum
877 1068 951 1122 aedis
964 1070 1090 1123 attulisse.
1124 1071 1166 1123 De
1187 1072 1249 1123 loca

183 1224 190 1237 ⁸
256 1155 313 1211 016.
328 1155 363 1209 66
378 1153 457 1208 Fam.
469 1151 513 1221 16,
528 1151 572 1206 61.
591 1151 648 1205 sid.
664 1169 692 1205 n.
708 1149 736 1206 6.
771 1184 773 1188 ,

168 1327 170 1334 .
270 1265 304 1331 4.
322 1263 359 1329 16
382 1262 421 1328 in
440 1262 566 1349 primis
588 1263 781 1327 adiunctum
799 1260 899 1327 habel
921 1262 1113 1350 genitivum.
1155 1261 1248 1329 Tum

94 1377 97 1383 ¹
186 1358 403 1417 transmutata
424 1359 472 1413 est
495 1349 598 1412 ratic:
622 1348 772 1424 numid,
795 1349 887 1433 quod
912 1350 1104 1436 praedicato
1129 1352 1247 1435 expri-

88 1436 90 1441 ’
185 1438 309 1512 mitur,
333 1445 584 1523 praesumptum
601 1435 772 1498 constituit
787 1456 909 1520 genus,
933 1436 969 1498 in
985 1458 1052 1521 qun
1071 1437 1174 1523 primi
1191 1437 1245 1502 di-

185 1521 388 1612 stinguntur.

290 1641 350 1693 cic.
361 1641 441 1692 Vero.
453 1639 479 1707 2,
496 1637 539 1705 36,
555 1637 598 1692 86.
616 1641 740 1711 oppidum
758 1665 794 1683 -
813 1639 882 1709 paud
895 1642 991 1708 fuerat
1012 1641 1042 1693 in
1063 1643 1157 1711 primis
1177 1642 1247 1694 Sici-

256 1728 432 1782 lineolarum
448 1734 471 1778 et
484 1733 612 1776 ornatum.
637 1722 688 1790 36,
704 1723 749 1777 88.
767 1727 869 1790 multa,
887 1733 916 1776 ut
934 1725 964 1775 in
984 1728 1076 1793 primis
1097 1729 1247 1780 Siculorum

246 1815 283 1867 ,in
298 1813 406 1865 dicendo
424 1811 540 1877 copiosus
554 1818 606 1872 est,
624 1811 840 1864 commemoravit.
871 1808 934 1868 Lir.
950 1808 995 1874 22,
1013 1809 1038 1875 3,
1051 1810 1078 1863 3.
1099 1815 1173 1880 regio
1189 1821 1248 1865 crat

254 1899 283 1951 in
301 1880 393 1964 primis
412 1894 504 1946 ltaliae
521 1896 631 1959 fertilis.
670 1896 777 1948 Cornel.
799 1895 881 1946 Pauo.
891 1894 930 1962 ..1,
948 1893 974 1945 2.
996 1897 1148 1948 Mardonius
1166 1925 1199 1936 -
1218 1900 1247 1948 in

254 1982 347 2053 primis
362 1977 476 2030 omnium
491 1976 634 2029 Persarum
649 1984 673 2032 ct
687 1997 769 2032 mona
777 1979 860 2049 sortis
875 1987 901 2034 et
917 1977 1019 2032 comdii
1032 1980 1135 2050 plenus.
1171 1980 1246 2034 Pliu.

200 2077 203 2082 ‘
255 2064 329 2118 nist.
347 2080 373 2113 n.
390 2060 416 2126 6,
431 2059 475 2124 16,
493 2060 536 2113 16.

113 2236 119 2248 ¹
190 2187 194 2193 ’
288 2166 346 2219 Cic.
363 2164 396 2215 sle
412 2163 473 2217 Fin.
489 2166 515 2230 4,
533 2164 576 2230 18,
591 2163 635 2218 66.
651 2166 718 2220 iliud
730 2185 791 2221 oero
810 2166 914 2220 minime
931 2166 1128 2232 consectarium,
1149 2170 1194 2221 sed
1215 2171 1245 2222 in
1255 2166 1259 2176 “

250 2251 346 2323 primis
371 2251 446 2302 hebes
471 2251 582 2304 illorum.
631 2249 732 2304 Nescio
756 2269 810 2321 quc
835 2257 915 2320 pecto
939 2251 1112 2308 Goerenzlus
1136 2255 1243 2307 illoram

254 2353 316 2388 oum
330 2335 506 2406 gloriatione,
524 2335 596 2403 quud
608 2336 745 2406 seqnitur,
770 2337 938 2407 coniungere
951 2337 1082 2406 potuerit.

268 2438 301 2504 5.
327 2438 526 2504 adverbium
541 2439 713 2526 imprimis
729 2437 890 2527 significat
914 2434 1108 2531 praecipue,
1132 2441 1245 2505 maxi-

183 2548 257 2603 me,
280 2524 481 2607 admodum,
507 2537 539 2590 et
556 2528 688 2592 additur
706 2526 871 2614 adiectivis
890 2537 923 2591 ct
944 2528 1126 2616 adverbps„²
1150 2529 1244 2590 sicuti

185 2611 395 2691 admodum,
417 2614 575 2677 maxime.
619 2615 731 2678 Potest
747 2615 845 2678 eliam
870 2614 1072 2697 post's'uum
1098 2614 1244 2680 vocabu-

183 2701 255 2766 lum
276 2698 356 2784 poni
374 2709 405 2760 et
421 2699 562 2762 inleriici
583 2700 669 2764 aliud
689 2722 822 2785 pomen.
866 2699 1022 2764 Peculiuri
1036 2701 1145 2770 ,modu
1166 2722 1244 2764 cum

184 2786 361 2871 negatione
392 2785 565 2847 coniunxit
591 2785 764 2848 Cornelius
788 2785 920 2870 Nepos,
955 2786 1012 2849 scd
1042 2797 1078 2848 ut
1110 2787 1244 2850 tolleret

184 2872 395 2958 negationem
429 2870 489 2933 alia
523 2869 658 2934 adiecta.
711 2870 927 2934 Grammatici
953 2871 1131 2937 discrimen
1156 2872 1244 2937 inter

178 2957 371 3046 praecipue
388 2965 419 3018 et
438 2955 610 3038 imprimis
626 2956 829 3020 intercedens
845 2957 909 3020 hoc
926 2958 987 3022 sibi
1013 2958 1071 3021 visi
1095 2970 1172 3021 sunt
1188 2962 1242 3022 in-

187 3044 330 3110 venisse:
354 3041 442 3103 laroc
462 3040 652 3125 praecipue
668 3041 782 3128 diligo
805 3044 892 3119 csse,
916 3055 992 3107 ante
1019 3067 1133 3116 omnes
1160 3046 1242 3109 alios

185 3129 285 3216 diligo
296 3125 516 3211 omnibusque
532 3125 704 3211 praefero:
727 3129 816 3194 hunc
831 3130 1003 3216 imprimis
1018 3128 1242 3216 diligosigni·

185 3215 295 3287 ficare,
312 3234 379 3277 non
394 3210 547 3295 praefero
565 3212 700 3299 quidem
716 3215 883 3293 omnibus,
902 3216 959 3280 sed
978 3219 1020 3280 iia
1037 3227 1148 3280 tamen
1164 3218 1243 3281 dili-

186 3323 246 3389 go,
271 3309 307 3363 ut
329 3296 465 3380 diligere
488 3297 582 3362 soleo
608 3301 794 3373 amicorum
819 3324 976 3368 meorum
1000 3304 1242 3387 antesignanos.

184 3384 403 3451 Nolten.Lex.
422 3405 457 3480 p.
474 3389 567 3449 1133.
605 3379 693 3450 Haec
708 3389 851 3466 subtilia,
871 3411 940 3453 nou
954 3411 1027 3453 vera
1044 3399 1137 3450 sunt:
1160 3408 1242 3451 nam

179 3470 370 3560 praecipue
387 3478 484 3533 etiam
507 3469 669 3556 signifieat
685 3495 777 3560 prae
803 3475 894 3539 aliis.
938 3474 1128 3556 Praecipue
1155 3493 1242 3556 prn-

183 3556 256 3645 prie
273 3577 346 3617 cnm
366 3554 471 3620 verbis
492 3562 728 3646 componitur,
749 3582 819 3624 non
839 3582 915 3628 cum
933 3556 1116 3638 adiectivis,
1139 3568 1171 3621 et
1188 3561 1242 3622 iu-

184 3644 268 3708 61661
285 3639 427 3704 modum
445 3645 573 3731 agendi.

297 3760 354 3812 cic.
367 3761 402 3814 66
418 3762 473 3816 Off.
491 3765 517 3829 2,
535 3764 579 3829 14,
597 3764 639 3817 56.
666 3764 712 3832 qui
732 3764 798 3816 iuris
814 3764 895 3816 ciuilis
916 3762 1046 3832 imprimis
1058 3764 1160 3834 peritas
1172 3764 1241 3830 fuit.

253 3845 325 3915 Tap.
342 3846 368 3912 9,
383 3845 426 3902 46.
445 3851 512 3919 quod
524 3866 607 3918 genus
620 3849 774 3917 argumenti
788 3848 916 3917 imprimis
927 3849 1040 3915 firmum
1060 3850 1144 3901 videri
1166 3852 1240 3906 solet.

252 3933 360 3986 (lumel.
375 3934 432 3987 Art.
450 3931 502 3995 13,
516 3929 542 3981 6.
567 3949 646 3999 quam
664 3933 793 3999 imprimis
816 3935 903 3987 lautus
925 3942 992 3989 esset
1014 3950 1088 4002 eques
1106 3953 1239 3990 romanas.

249 4018 361 4072 Sallust.
380 4019 440 4070 cns
454 4014 481 4079 4,
496 4012 523 4066 4.
540 4033 604 4068 nam
620 4018 650 4068 id
658 4019 768 4084 facinus
781 4019 912 4090 imprimis
934 4038 985 4092 ego
1001 4022 1169 4076 memorabile
1183 4023 1239 4075 eci-

248 4111 333 4160 sturno
347 4102 449 4158 aarum
465 4106 541 4168 atquc
551 4101 662 4171 periculi
675 4103 802 4158 cunata
