2632 4770
436 290 443 297 ·
490 250 668 333 rranu.
1043 263 1103 325 507

144 410 194 470 10.
216 405 320 468 Huius
336 402 548 488 digressionis
571 412 604 466 ot
623 405 843 471 annectendas
867 411 1024 473 orationis
1048 435 1105 499 ge-

58 512 121 556 nus
137 491 285 555 maxime
300 490 442 574 'occupat
482 486 672 553 arenthesiri'
692 500 724 552 et
746 513 800 566 ea,
825 513 907 576 quae
928 500 1105 581 parenthe-

61 579 105 640 sis
121 576 159 641 iu
176 575 315 639 modum
334 573 605 660 interpoifiunur.
648 571 725 637 Post
744 599 779 638 ea
796 599 883 639 emm
908 603 976 643 nrm
1004 583 1106 647 modo

62 660 258 726 vocobulum
275 660 404 746 igitur,
428 659 483 721 sed
500 659 598 722 etiam
615 656 913 747 itd'qiie'restituere
930 666 1013 730 solet
1028 690 1106 731 ora-

58 748 159 811 tionis
185 745 333 810 turbatae
353 740 663 809 continuationem}⁴
689 744 741 808 Ci'.
766 745 876 809 Davis.
909 751 948 812 ad
973 753 1040 818 Cic.
1066 755 1112 818 de.

57 830 127 897 Fin.
144 845 172 911 1,
190 835 221 912 6,
241 835 292 894 19.
412 870 415 875 -
443 839 448 849 ’
823 872 825 877 «
922 854 926 861 ·

160 950 219 1003 Cic.
236 950 269 1001 de
285 946 372 1000 Amic.
387 944 414 1011 l,
429 946 455 999 2.
475 964 554 1016 quom
576 963 652 1016 saepe
675 948 772 1014 muita,
790 957 844 1002 tnm
867 951 974 1024 memini
992 954 1064 1007 domi
1079 956 1107 1008 in

125 1034 273 1101 hemicyclio
290 1033 438 1094 sedentem,
454 1032 610 1095 attolebat,
627 1058 660 1070 -
677 1033 706 1082 in
721 1048 779 1106 enm
798 1051 938 1088 sermonem
952 1026 1030 1090 iilmn¹
1041 1040 1108 1091 inci·

127 1121 204 1183 dere,
225 1118 270 1186 qui
283 1125 339 1171 tsnn
347 1123 408 1184 fere
425 1115 515 1169 mattis
530 1123 586 1167 erat
600 1116 630 1166 in
651 1131 703 1167 ore.
736 1115 876 1170 Meministi
897 1121 965 1172 enim
981 1127 1106 1190 prosecta,

126 1203 223 1267 Attice,
248 1228 282 1241 -
305 1230 340 1239 —
366 1206 466 1269 quanta
484 1205 543 1250 esset
560 1199 690 1271 hominnm
710 1199 751 1250 oei
774 1202 912 1254 admiratio
935 1204 974 1257 oei
996 1209 1105 1273 querela.

125 1285 295 1354 itaqne'tom
321 1284 448 1335 Seaeoiln
468 1300 547 1350 qoam
567 1283 596 1334 in
619 1300 678 1336 enm
700 1284 785 1352 ipsam
806 1287 961 1340 mentionem
980 1291 1106 1345 incidisset

127 1382 178 1424 eto.
214 1370 299 1424 Acco.
312 1368 339 1433 2,
355 1368 398 1434 31,
412 1366 455 1419 99.
1082 1376 1088 1382 '

85 1546 88 1551 ,
145 1515 194 1572 11.
220 1510 326 1593 Atque
346 1504 412 1571 hoe
429 1503 525 1568 etiam
541 1501 579 1567 fit
594 1503 628 1567 in
644 1503 694 1585 iis,
716 1516 799 1590 quae
817 1505 957 1591 speciem
976 1529 1056 1593 prae
1071 1532 1105 1572 se

60 1591 174 1657 ferunt
192 1589 437 1741 Q
476 1589 670 1653 Restituitur
692 1593 851 1653 orationis
873 1601 987 1664 tenor,
1009 1602 1105 1677 atque

61 1701 124 1764 per
139 1679 190 1742 ito
210 1702 227 1743 a
257 1678 416 1741 'animum
434 1673 553 1738 iterum
577 1686 751 1739 revocatur
772 1675 825 1758 id,
847 1677 935 1761 quod
951 1678 1106 1764 'interpo-

60 1764 131 1826 sitis
151 1763 220 1827 aliis
236 1762 342 1829 verbis
358 1770 526 1824 remotum
548 1771 605 1824 est.
741 1764 743 1769 ’
1083 1762 1086 1766 ’

161 1883 218 1933 cte.
233 1883 267 1934 ds
284 1879 343 1934 Fiu.
366 1880 392 1943 l,
409 1876 492 1946 6,19.
517 1881 607 1932 deinde
624 1879 717 1930 ibidem
736 1881 925 1944 homoousios,
945 1899 1022 1947 quum
1040 1883 1106 1932 illoti

125 1975 283 2029 occurreret,
301 1967 324 2017 si
338 1965 426 2018 omnia
439 1965 559 2016 deorsum
576 1960 590 2015 e
605 1965 711 2032 regione
720 1970 869 2032 ferrentur,
887 1972 931 2027 et,
944 1973 973 2017 ot
989 1966 1051 2029 dni,
1070 1965 1106 2017 od

124 2053 230 2114 lineam,
244 2067 385 2117 numquam
396 2053 468 2116 sore,
484 2057 514 2102 nt
530 2054 632 2099 atomos
646 2049 731 2100 altero
746 2050 855 2101 alteram
863 2055 949 2118 posset
963 2050 1107 2118 attingere:
1202 2048 1211 2067 ’“

124 2136 213 2202 itaque
235 2134 322 2187 attolit
338 2152 391 2186 rem
415 2125 630 2186 commenticiam:
651 2132 780 2185 declinare
805 2135 868 2186 dreit
884 2137 935 2184 ete.
969 2131 1106 2198 Apodosiu

124 2219 250 2270 videmus
267 2217 296 2268 in
312 2217 406 2268 verbis
424 2219 511 2271 attulit
534 2233 588 2267 rem
605 2232 642 2267 c:
660 2216 708 2266 sed
724 2215 884 2284 interposite
899 2217 986 2267 verim
1006 2234 1106 2268 nexum

123 2302 305 2354 sustulerunt:
325 2317 409 2368 quere
426 2302 512 2367 itaque
530 2297 599 2349 dixit
613 2297 728 2363 Cicero,
747 2301 820 2366 quod
844 2307 885 2353 est
900 2318 976 2367 quum
1000 2302 1047 2352 icoc
1063 2320 1106 2352 oo·
1150 2292 1154 2296 ’

127 2393 253 2438 curreret.
287 2382 425 2436 Manutius
442 2389 470 2434 et
485 2380 625 2433 Ernestius
646 2381 764 2434 alienam
779 2401 839 2436 esse
861 2391 1023 2436 censuerunt
1041 2402 1105 2451 pnr-

126 2470 258 2523 ticulum:
281 2485 351 2536 quae
371 2465 661 2528 Goereuaius'atfert,
682 2482 790 2533 promus
806 2467 914 2521 diversa
930 2476 1002 2520 sunt.

145 2609 196 2669 12.
221 2604 328 2683 Quem
346 2601 415 2668 ini
441 2601 511 2665 itur
537 2601 747 2667 observamus
771 2600 838 2664 vim
858 2601 898 2665 ad
922 2603 1106 2688 expositio-

62 2691 114 2752 nis
137 2691 309 2774 negotium
333 2701 492 2772 su'scrpten
521 2709 574 2751 um
605 2697 638 2749 et
668 2687 707 2748 ad
732 2687 913 2750 orationem
943 2688 1106 2773 incipien-

64 2775 161 2856 dum,
182 2797 253 2838 eam
278 2772 481 2858 grammatici
503 2771 690 2836 tribuerunt
713 2771 807 2835 etiam
832 2771 1008 2857 particulae
1033 2773 1106 2836 ita-

63 2882 143 2946 qne,
168 2861 301 2922 raritate
320 2858 550 2941 exemplorum
572 2879 639 2920 non
657 2855 836 2937 admoniti,
856 2866 894 2919 ut
918 2857 957 2919 de
979 2857 1106 2920 ratione

64 2954 269 3030 quaererent.
313 2938 473 3028 Equidem
491 2963 569 3005 vero
594 2963 695 3027 quum
721 2943 860 3026 respicio
885 2942 975 3026 ipsos
1000 2941 1106 3016 locos,

64 3051 148 3114 quos
176 3030 224 3092 iiii
248 3027 414 3108 afferunt,
445 3027 637 3114 opinionem
668 3024 759 3089 valde
781 3026 912 3090 dubiam
940 3047 1009 3090 esse
1033 3027 1108 3089 exi-

63 3116 175 3177 stimo.

164 3229 223 3282 cie.
238 3229 336 3282 Periit.
353 3232 424 3281 oret.¹
440 3224 468 3292 7,
482 3227 526 3279 23.
546 3243 571 3279 o.
588 3245 615 3280 r.
631 3211 767 3298 Reliquum
780 3206 816 3283 est
827 3231 929 3300 igitur,
947 3237 975 3283 nt
991 3231 1061 3282 dicus
1076 3233 1110 3283 de

133 3331 252 3366 converso
266 3314 475 3389 orationexotque
489 3318 599 3365 motata.
635 3331 658 3364 e.
674 3329 700 3364 ι’.
735 3314 784 3366 nn
804 3316 888 3384 itaque
913 3315 941 3365 id
966 3331 1049 3382 genos
1067 3323 1108 3366 tc-

134 3407 190 3451 tom
214 3399 293 3449 sitnm
316 3398 345 3448 in
366 3397 562 3450 commutetione
585 3399 728 3450 certorum.
760 3397 852 3452 Editio
870 3406 970 3451 venete
986 3415 1011 3450 e.
1029 3396 1106 3450 1485.

88 3478 92 3485 '
133 3488 171 3534 est
185 3482 293 3550 qttidem.
1080 3476 1083 3483 ’

140 3641 200 3709 13.
228 3635 356 3722 Negent
386 3631 526 3697 Bothius
559 3631 856 3696 etLindemannus
884 3631 917 3694 in
949 3635 1036 3696 notis
1067 3633 1106 3696 ad
1159 3698 1160 3702 ,
1190 3648 1194 3659 “

66 3720 160 3805 Capt.
186 3726 216 3793 3,
245 3726 273 3799 1,
298 3724 330 3784 8.
367 3718 522 3799 qPiauto
546 3738 706 3804 umquem
729 3716 844 3802 itaque
868 3717 1011 3803 positum
1038 3741 1109 3783 csse

67 3826 143 3866 oum
160 3804 191 3866 vi
206 3803 398 3890 explicativa
420 3803 454 3866 in
480 3804 668 3882 sententiis,
689 3800 817 3884 quibus.
830 3823 884 3880 eo,
907 3804 994 3888 quae
1015 3815 1108 3866 anto-

68 3888 206 3967 cedunt,
242 3910 315 3952 com
345 3886 588 3952 rehenduntur:
623 3886 713 3974 quod
745 3885 1040 3950 demonstravimus
1072 3888 1108 3950 in

68 3974 122 4037 ito
151 3995 185 4060 p.
202 3976 275 4036 485.
318 3911 475 4060 idemque
496 3972 635 4038 Bothius
659 3971 801 4034 mirabili
827 3974 1141 4058 argumentatione,

67 4059 101 4122 in
121 4059 208 4122 notis
223 4056 263 4123 ed
279 4055 382 4122 Plane
404 4058 483 4123 Cist.
506 4081 540 4146 p.
556 4060 630 4124 250.
649 4057 756 4149 docet,
780 4054 894 4143 itaque
910 4057 952 4123 ob
970 4078 1031 4142 qna
1049 4078 1108 4118 co-
