2632 4770
418 238 587 309 nonin.-
612 237 857 324 nournovu.
939 214 942 218 ’
1115 248 1159 312 eo

205 393 268 450 cie.
283 391 410 460 nanu
426 395 452 460 1,
468 395 494 450 8.
520 397 548 449 in
570 398 657 450 eodem
677 400 755 449 tanta
776 394 916 465 prudentia
930 395 989 464 suit
1010 397 1039 453 in
1059 401 1156 455 emeti-

173 480 276 537 madir
291 482 510 550 temperantiaque
532 481 696 546 oioitetitue,
711 488 789 535 tanto
816 481 950 548 aequum,
965 488 995 535 ut
1017 483 1094 536 nodie
1109 492 1158 539 etet

171 567 238 619 Ario
263 565 368 617 tuane·
389 562 519 617 'ineditutr'e
538 565 671 618 mundio
692 571 718 617 et
740 566 815 632 queri
836 564 953 634 emtigiir
970 571 1158 636 persequendis.

168 650 219 703 uiri
234 647 324 701 miror
339 663 356 700 e
377 647 530 700 Goerenzio
546 647 655 700 ienderi
672 643 856 700 coniecturum
870 650 1001 718 hodieque.
1034 669 1062 720 p.
1082 653 1157 707 Coei.

164 733 193 799 2,
219 731 248 787 ὃ.
275 750 447 803 quaecumque
477 734 507 785 in
527 734 612 803 equite
633 749 739 785 romano
761 733 878 802 digniter
898 750 951 784 eree
968 737 1065 802 poerit,
1090 755 1157 806 qaue

164 826 237 872 certe
250 823 337 886 poteri
356 818 552 882 neemanim,
571 833 631 868 eum
643 833 743 885 temper
756 817 786 867 in
802 817 840 869 M.
860 819 944 870 Coelio
965 818 1087 872 habitam
1101 839 1155 876 erre

161 918 312 965 amman,
330 901 454 971 hodieque
469 902 626 954 tuberonem
641 901 724 963 eotum
738 917 757 953 a
770 901 838 965 euin,
855 903 900 953 red
917 903 998 954 etiam
1013 903 1046 956 ab
1072 908 1154 961 omni·

163 986 229 1050 true,
245 985 339 1053 quitur
352 986 464 1054 potuait
480 987 573 1055 aliqua
594 984 626 1035 de
648 1000 739 1035 reuera
760 1000 811 1036 eoae
831 992 911 1038 notor.
948 1003 975 1054 p.
997 986 1070 1042 Sext.
1084 989 1110 1054 3,
1127 990 1154 1043 t.

164 1070 249 1124 teate
271 1069 307 1121 oio
328 1068 396 1120 nuno
410 1069 521 1138 diligit,
540 1076 568 1122 ut
582 1085 626 1121 ooe
646 1068 751 1137 potente
761 1068 892 1134 facillime
908 1098 941 1111 -
959 1073 1081 1126 iudicare.
1105 1074 1155 1128 ubi

161 1170 239 1223 qnae
251 1152 389 1204 Milierue
410 1151 439 1203 in
455 1152 534 1205 Curis
549 1153 675 1206 recondis
691 1169 717 1220 p.
733 1149 776 1205 19.
798 1151 920 1207 nominet
941 1157 1083 1223 exempla,
1100 1175 1154 1213 non

163 1237 263 1291 omnio
279 1237 363 1289 huius
379 1222 489 1304 generis
504 1242 573 1290 sunt.
608 1237 663 1290 Sed
677 1236 817 1304 praeeedit
840 1238 1064 1303 verbum,euine
1079 1242 1154 1296 notio

165 1322 330 1391 praevalet,
348 1320 420 1387 apud
439 1319 496 1373 cie.
510 1321 544 1373 de
558 1319 635 1375 Oret.
654 1319 681 1385 2,
696 1319 739 1384 38,
753 1319 813 1373 360.
829 1323 885 1373 uidi
903 1322 972 1373 enim
987 1339 1155 1391 egoeummoe

166 1394 282 1458 bamur
296 1412 323 1457 et
339 1406 430 1458 diuina
444 1423 525 1475 prope
540 1406 676 1468 memoria,
696 1406 803 1457 Athenio
828 1403 1023 1471 Charmadam,
1041 1410 1070 1460 in
1088 1411 1153 1462 Aria

134 1486 137 1491 ’
175 1504 247 1558 quen
259 1489 347 1542 uiuere
361 1490 435 1542 hodie
451 1492 542 1555 aiant,
560 1489 692 1557 Scepsium
709 1488 890 1541 Metrodorum.
914 1488 962 1541 nbi
975 1490 1094 1546 menime
1111 1495 1154 1549 vie

177 1572 207 1625 in
218 1588 242 1625 r.
255 1575 343 1626 uivere
356 1573 442 1638 inest,
461 1573 542 1627 eieuti
556 1572 591 1623 de
605 1571 675 1638 Rep.
691 1570 718 1636 2,
732 1568 759 1634 9,
773 1568 814 1624 15.
833 1573 861 1624 id
877 1574 946 1642 quod
957 1575 1094 1629 retinemur
1106 1580 1153 1631 iro-

172 1658 220 1713 dir.
248 1645 371 1711 Ploneue
387 1658 422 1710 ed
440 1657 498 1710 cic.
508 1657 596 1725 Epiet.
611 1653 705 1720 10,24,
720 1655 762 1706 11.
780 1658 845 1724 quod
858 1657 1056 1712 oioitdntoniue
1068 1662 1152 1717 hodie.
1189 1676 1192 1681 ’

204 1758 321 1815 Terent.
336 1760 451 1813 Phorm.
471 1759 497 1826 5,
512 1758 538 1825 8,
556 1758 598 1812 w.
623 1775 659 1810 on
679 1757 818 1831 quidquam
839 1757 915 1812 hodie
933 1765 1091 1830 estfactum
1110 1765 1153 1816 in-
1221 1804 1227 1824 ,

170 1846 288 1915 dignius.
320 1844 377 1903 Noe
397 1843 531 1898 Germani
545 1845 584 1896 tir
597 1847 649 1910 auf
660 1843 728 1895 diere
741 1844 847 1896 Stunde.

202 1947 296 2001 Pleut-
310 1946 388 2000 Pero.
402 1945 429 2010 4,
447 1945 473 2013 3,
491 1945 517 1999 2.
536 1962 587 2017 rgo
601 1945 678 1999 nodie
695 1946 828 2015 compendi
841 1946 897 2014 feei
921 1946 992 2000 tinne
1010 1964 1095 2019 panea
1114 1950 1154 2001 in·

173 2032 228 2086 dier
245 2031 276 2100 (i.
290 2048 314 2085 o.
333 2050 384 2085 oon
397 2033 475 2084 trente
491 2029 547 2098 un).
581 2030 625 2083 tre
646 2031 743 2083 ancilia
762 2047 821 2083 meo
841 2047 907 2098 quae
922 2032 978 2099 suit
997 2032 1088 2101 indm,
1105 2049 1155 2088 rua

171 2134 240 2170 aune
252 2124 291 2170 eet
305 2115 337 2185 (i.
350 2133 374 2170 e.
395 2116 434 2169 on
452 2115 547 2182 trente).

188 2243 222 2305 6.
247 2238 323 2304 Diei
342 2238 455 2316 notio,
478 2259 495 2302 e
512 2258 576 2323 quo¹
592 2236 782 2303 adverbium
799 2245 912 2303 netum
933 2245 999 2313 est,
1025 2245 1155 2313 tontum

130 2333 182 2390 etet
193 2324 379 2403 obeoureto,
403 2332 440 2386 ut
455 2345 580 2387 nomen
595 2322 659 2386 diei
675 2322 738 2409 ipsi
752 2320 905 2409 adverbio
922 2320 1017 2385 udiiui
1032 2332 1155 2410 posset.

212 2444 325 2501 Terent.
340 2442 390 2498 Ad.
404 2441 431 2508 4,
445 2442 472 2508 l,
488 2442 532 2496 Π.
551 2460 626 2513 quem
643 2458 694 2512 ego
708 2441 786 2493 hodie
801 2447 854 2493 toto
867 2456 920 2492 non
935 2441 990 2493 uidi
1004 2443 1055 2497 die·
1110 2460 1113 2469 ·

195 2586 226 2647 7.
248 2574 406 2659 Formule
422 2588 471 2644 est
486 2576 588 2643 hodie
609 2575 883 2662 mrmqrzum'ium
899 2576 985 2663 opud
1009 2578 1156 2662 eomiooe

137 2660 220 2732 obvio.
261 2667 312 2732 De
338 2686 375 2730 en
398 2665 549 2729 Donatus
574 2661 615 2726 ed
636 2660 769 2725 Terent.
794 2659 854 2723 nd.
870 2661 908 2741 4,
927 2667 966 2742 2,
982 2667 1034 2727 31.
1054 2663 1166 2733 leodio

137 2762 229 2817 mem
244 2762 305 2816 aret
321 2749 494 2830 abundat,
516 2758 554 2813 ut
573 2743 768 2895 Numquam
783 2768 898 2810 omnen
914 2744 1016 2812 hodie
1030 2748 1159 2831 morieq

136 2854 194 2900 eurr
211 2836 332 2903 inultir
364 2845 425 2899 aut
455 2854 640 2920 numqaum
674 2830 764 2896 nodie
788 2853 855 2918 pro
884 2831 979 2896 nulio
1006 2843 1075 2900 tem
1100 2858 1159 2902 ore

136 2916 214 2985 tune
237 2922 325 3002 diei,
344 2921 427 3006 quia
446 2933 631 3006 necunquam
645 2939 712 3005 per
727 2940 762 2981 re
782 2916 947 3003 generate
968 2928 1027 2983 ert.
1098 2941 1159 2985 eu-

135 3012 208 3071 ttun
221 3028 335 3074 verum
351 3016 410 3070 eet.
452 3001 648 3091 Numquam
670 3002 760 3067 enitu
782 3012 959 3090 usurpetur
980 3024 1044 3090 pro
1064 3005 1157 3071 nullo

133 3100 229 3177 proto,
259 3099 403 3156 etreete
435 3088 649 3177 componitur
673 3109 750 3153 eum
771 3086 874 3152 hodie
893 3090 1044 3173 negotio,
1077 3112 1160 3176 quae

133 3170 278 3267 temporis
300 3177 465 3241 unionem
491 3175 524 3238 iu
551 3196 585 3238 se
607 3172 716 3238 hubot.
775 3173 886 3254 Quare
908 3173 1059 3238 Heinsius
1089 3177 1161 3241 iure

132 3262 227 3327 reiuit
256 3258 393 3326 alterurn
422 3259 619 3346 scripturum
641 3279 818 3344 nunquam.
861 3257 899 3321 ln
924 3258 1079 3323 omnibus
1103 3282 1162 3325 ex-

90 3396 92 3403 .
131 3346 233 3436 empiii
243 3344 379 3425 verbum
393 3342 563 3410 estiuturi.
587 3345 698 3423 Quare
710 3342 808 3406 etiem
821 3342 905 3406 haue
917 3342 1100 3408 formulam
1116 3347 1160 3411 ito

90 3440 96 3481 Ι
130 3432 282 3523 explicere
295 3430 424 3510 licebit,
450 3438 488 3492 ut
502 3427 604 3493 nodie
620 3428 819 3514 accipiemus
833 3448 895 3514 pro
912 3426 955 3492 ab
967 3428 1029 3493 leae
1045 3428 1113 3495 die.

228 3550 350 3606 Noeriur
373 3550 402 3601 in
424 3549 502 3617 Equo
526 3547 650 3600 Troiano
672 3546 744 3613 apud
766 3547 889 3600 Moerob.
912 3546 945 3613 6,
966 3548 991 3603 1,
1023 3566 1165 3619 nunquam

184 3637 258 3691 hodie
278 3635 405 3704 effugiet,
425 3633 489 3699 quin
509 3648 569 3685 mea
590 3647 673 3683 manu
691 3631 810 3683 moriare.
845 3631 956 3686 Terent.
976 3634 1024 3686 Ad.
1040 3632 1066 3699 4,
1080 3633 1106 3700 2,
1119 3635 1167 3689 81.Ι

184 3722 236 3774 reio
257 3721 367 3772 redirit:
390 3734 478 3770 oerum
501 3718 576 3770 inedie
591 3732 733 3781 numquam
753 3717 910 3768 monstrabo.
943 3717 1009 3782 2,1,
1023 3717 1050 3772 5.-
1072 3738 1166 3789 quaem

184 3820 266 3871 quum
282 3809 322 3856 eet
336 3802 469 3867 reelnter,
486 3818 537 3854 nen
552 3801 690 3861 committet
712 3801 788 3853 toute
808 3817 931 3868 umquam
952 3804 1046 3855 iterum
1067 3812 1097 3858 ut
1117 3822 1166 3858 ua-

182 3889 267 3959 pulet.
302 3886 417 3939 Phorm.
434 3883 460 3950 5,
476 3882 501 3950 ὃ,
518 3885 561 3937 22.
579 3900 750 3952 numquamne
763 3885 839 3937 hodie
852 3889 972 3939 eoncedeo
986 3888 1073 3941 mini?
1105 3888 1168 3941 Vir-

182 3970 235 4040 git.
252 3970 318 4023 Aen.
334 3970 361 4035 2,
378 3968 439 4022 610.
457 3987 600 4041 numquam
621 3986 708 4021 omnen
730 3969 807 4021 tonte
831 3972 969 4025 moriemur
989 3972 1075 4025 inmiti.
1109 3972 1168 4026 liei.

184 4055 214 4120 ὃ,
236 4053 280 4112 49.
309 4070 453 4127 numquam
474 4055 550 4109 nodie
569 4053 702 4125 effugient
732 4053 852 4117 neman,
883 4070 1039 4125 quorumque
1059 4055 1168 4109 vanarn.

659 4164 665 4171 .
801 4139 823 4199 7
846 4138 866 4180 e
