2632 4770
68 220 88 298 1
139 283 205 369 ne
430 259 433 264 '
507 205 784 340 'incentivu

245 434 302 486 cin.
320 435 398 486 (lunt.
413 427 456 494 59,
469 428 530 482 2111.
547 430 677 480 interdum
690 422 758 480 enim
777 432 919 491 curmusi
932 426 1098 495 intonatione
1113 431 1197 481 conci-

206 521 306 582 tatior,
324 517 451 569 interdum
471 515 608 566 moderata
626 513 764 582 ingressio.
799 511 834 564 ad
856 512 912 564 Att.
929 511 971 578 12,
988 510 1031 564 14.
1052 515 1132 580 idque
1148 517 1196 579 fa-

117 622 120 627 ·
204 608 291 668 siens,
307 603 435 654 interdum
457 599 523 651 milui
545 615 653 665 peccaro
674 597 781 661 uideor,
802 597 935 650 interdum
956 607 1112 666 peccaturus
1136 617 1194 661 esse,

204 692 257 743 nisi
272 689 382 757 facium.
418 681 534 750 Quintil.
555 679 628 745 4,2,
647 679 690 732 14.
707 682 736 733 in
754 682 845 750 quidus
859 682 918 750 ipso
941 685 1045 750 quidem
1068 684 1194 752 neganda

201 782 275 836 sont,
292 772 337 823 sed
351 769 513 838 argumentis
529 767 682 834 expositione
698 766 830 818 contrariu
848 766 1036 832 roontendum,
1058 770 1194 821 interdum

201 856 331 927 singulis,
352 854 479 906 intcrdum
493 851 625 903 uniuersis.
660 849 756 902 Celsus
772 849 797 917 1,
814 850 839 902 1.
858 848 885 916 4,
898 837 924 916 2,
939 850 966 903 4.
1008 873 1010 876 ⁴

237 957 335 1010 Vellei.
356 955 468 1020 Pacu,
485 953 595 1019 119,1.
618 954 734 1023 rumpit,
765 955 897 1009 interdum
923 963 1042 1009 moratur
1058 956 1194 1024 proposita

163 1040 165 1051 '
200 1045 332 1103 lominum
343 1045 467 1107 sartuna.
993 1047 994 1053 ’

238 1144 354 1213 Quintil.
369 1143 395 1208 6,
412 1144 439 1207 2,
455 1143 497 1195 12.
517 1143 579 1212 quin
593 1143 660 1195 iliad
674 1144 760 1215 adhinc
776 1144 887 1206 adiicio,
904 1137 1001 1203 πάθος
1023 1130 1191 1210 αἰᾳιιεῆθος

164 1234 165 1238 ’
201 1250 253 1284 csse
270 1232 373 1282 interim
391 1248 421 1280 cs
435 1231 526 1280 ecdem
542 1236 638 1279 natura
655 1227 716 1291 ita,
734 1229 846 1279 utillud
862 1229 947 1280 maius
963 1231 1013 1291 sit,
1032 1229 1081 1279 icoc
1097 1229 1189 1291 minus,

83 1372 86 1381 ¹
199 1326 319 1368 utamur
339 1309 452 1377 πάθος,
473 1314 572 1365 caritas
589 1302 679 1382 ἧθοςε
704 1313 836 1364 interdurn
855 1312 957 1363 diucrsn
979 1315 1047 1365 inter
1063 1329 1107 1377 se,
1124 1313 1188 1364 siout

97 1424 99 1428 ·
198 1404 228 1454 in
244 1401 365 1469 epilogis.
598 1389 601 1403 '

144 1599 147 1606 -
215 1558 246 1618 8.
267 1553 336 1616 Hac
355 1554 483 1616 ratione
502 1550 648 1614 diversae
672 1572 723 1613 res
743 1548 915 1614 interdum
939 1548 1188 1638 1101191113ρο-

129 1629 294 1714 1111111111,1
310 1649 340 1701 et
366 1638 399 1701 in
426 1638 526 1701 altero
542 1646 639 1737 Rullo.
661 1635 840 1700 sententiae
872 1636 987 1701 eodem
1012 1657 1111 1700 sensu
1136 1636 1186 1702 vel

129 1734 279 1792 nonnam
302 1703 763 1808 rrumffiffisussilmorlq
777 1723 925 1807 ponitur.
971 1723 1105 1800 Celsus,
1130 1724 1186 1809 qui

62 1849 64 1853 <
129 1748 404 1898 mide-itidem
421 1808 583 1872 vocabulo
602 1801 724 1884 11111111,
748 1809 846 1871 tertio
865 1808 940 1871 loco
956 1808 1076 1873 addere
1100 1811 1185 1874 solet

22 1929 24 1935 ·
128 1909 383 1982 nonnumquam
413 1896 520 1959 etiam
551 1894 619 1958 sive
649 1915 786 1981 quoque.
839 1896 1009 1958 Praetereo
1037 1894 1184 1960 notanda

81 2006 86 2015 ·
129 1994 179 2049 cst
196 1983 322 2062 oratio,
347 1982 381 2044 in
399 2003 462 2066 qun
479 1989 664 2065 sequuntur
679 1979 730 2043 vei
743 2015 786 2026 —
803 1979 1055 2077 antinoensium.

135 2142 137 2153 '
231 2135 343 2187 Terent.
365 2136 435 2203 Eun.
455 2132 489 2198 2,
504 2131 538 2196 3,
559 2129 602 2200 76.
626 2133 710 2187 citum
733 2151 934 2202 nonnumquam
951 2137 1035 2203 capiet
1056 2153 1115 2189 cum
1132 2155 1181 2193 ens

193 2220 323 2272 interdurn
333 2227 440 2288 propter
456 2220 575 2273 dormiet.
612 2216 762 2275 olannus.
778 2218 822 2284 61,
837 2219 897 2271 236.
914 2224 1056 2296 quoderat
1072 2248 1109 2262 -
1125 2240 1182 2276 soe-

191 2323 227 2375 pe
244 2306 447 2368 stomachantem,
471 2321 664 2372 nonnumquam
678 2305 831 2374 frigidum,
859 2307 988 2358 interdum
1009 2309 1086 2360 etiam
1106 2315 1182 2376 face·

169 2399 170 2402 ’
194 2391 266 2442 duas.
299 2407 325 2456 p.
341 2389 416 2442 Sext.
430 2371 474 2452 54,
489 2372 555 2442 115.Ι
567 2391 717 2443 concionum
733 2386 934 2460 significationes
952 2392 1084 2444 interdum
1107 2411 1184 2447 uerae

134 2494 137 2499 ·
192 2481 275 2540 sunt,'
294 2493 488 2543 nonnumquam
508 2477 617 2530 uitiatae
639 2482 717 2544 atque
735 2484 881 2542 corruptae.
918 2476 951 2528 de
967 2478 1022 2529 off.
1038 2477 1124 2543 1,20,
1140 2477 1181 2533 68.

191 2578 239 2612 nec
261 2577 321 2612 uero
338 2560 449 2628 imperia
470 2564 610 2630 repetenda
631 2579 663 2612 ac
678 2562 768 2628 potius
789 2570 836 2612 out
858 2581 909 2613 nnn
931 2564 1082 2630 accipienda
1100 2566 1182 2618 inter-

192 2646 254 2697 dum
273 2652 320 2697 aut
336 2645 488 2714 deponenda
501 2662 698 2713 nonnumquam.
734 2644 844 2696 Sueton.
859 2647 930 2714 Aug.
945 2645 989 2698 24.
1085 2711 1087 2716 Α

226 2748 320 2800 Celsus
334 2747 361 2811 7,
375 2747 418 2803 21.-
443 2750 511 2818 quad
529 2749 661 2800 interdum
684 2748 758 2798 tertio
774 2765 871 2809 mense,
889 2748 1015 2800 interdum
1039 2768 1092 2802 non
1119 2760 1182 2807 onte

189 2841 287 2886 senon
302 2851 515 2901 ,nonnumquam
530 2841 618 2886 exacto
631 2826 728 2898 quoque
744 2847 813 2881 anno
823 2833 868 2896 fit.

228 2936 287 2988 cte.
311 2937 388 2988 Brut.
404 2934 447 3000 54,
463 2933 523 2985 21111.
547 2951 610 2984 num
628 2940 652 2983 et
675 2933 823 3000 geminatio
844 2935 981 2984 uerborum
999 2936 1075 2985 habet
1096 2937 1182 2990 inster-

191 3021 255 3073 dum
267 3023 346 3094 quim,
372 3023 479 3091 leporem
498 3019 574 3069 alias.
610 3015 719 3068 Sueten.
740 3017 819 3068 Gneo.
836 3014 878 3067 81.
903 3019 956 3086 ipse
980 3021 1029 3070 sibi
1050 3022 1123 3073 uisus
1144 3030 1181 3075 est
1226 3008 1228 3013 Ι

185 3123 234 3174 per
249 3106 358 3172 quietem
371 3103 500 3172 interdum
516 3098 596 3168 supra
611 3103 689 3154 nudes
704 3101 828 3166 volitare,
847 3103 916 3155 alias
935 3121 992 3157 cum
1008 3105 1066 3156 Ioue
1088 3109 1179 3161 dexte-

189 3186 250 3240 ram
266 3188 381 3254 iungene.
418 3186 493 3237 Cart.
512 3180 538 3249 4,
557 3184 659 3250 13,18.

191 3280 193 3286 ’
225 3289 336 3341 Sallust.
352 3287 414 3357 lug.
427 3286 471 3351 42,
487 3288 511 3340 l.
529 3290 651 3342 nobilitas
667 3290 745 3343 nocio
762 3298 840 3359 atquc
855 3309 883 3343 eo
898 3293 1015 3358 perculsa
1032 3293 1110 3343 modo
1129 3312 1177 3362 per

188 3374 267 3424 socios
285 3389 315 3422 ac
330 3390 422 3424 nornen
437 3373 565 3440 latinum,
580 3371 712 3428 interdum
723 3393 772 3445 per
787 3378 882 3444 equites
896 3394 1015 3427 romanos
1034 3405 1069 3416 -
1091 3380 1174 3429 Grac-

52 3456 55 3463 ’
157 3457 159 3463 ’
189 3457 293 3508 cnorum
318 3457 461 3509 actionibus
484 3461 585 3512 odviam
611 3462 685 3514 ierat.
715 3459 762 3526 tt,
783 3461 808 3513 l.
833 3463 909 3512 moda
927 3462 1063 3512 aduersam
1084 3463 1168 3525 hostis,

189 3541 320 3593 interdum
335 3542 364 3592 in
381 3543 534 3619 solitudines
547 3564 666 3615 pergere.
699 3540 919 3598 Vide‘llritzium
938 3547 971 3597 nd
994 3546 1043 3607 62,
1064 3548 1090 3598 9.
1112 3548 1172 3598 llo·

188 3633 241 3680 rat.
258 3627 315 3680 sat.
331 3626 357 3690 l,
373 3626 400 3691 9,
415 3616 549 3679 inmisere
565 3632 691 3682 discedere
710 3649 833 3698 quaerens
847 3634 885 3682 ire
898 3633 971 3681 modo
986 3632 1071 3694 ocius,
1090 3633 1174 3683 inter-

185 3714 248 3774 dum
263 3705 409 3764 consistere.
443 3713 490 3764 ubi
514 3713 656 3766 Heindorf.
673 3715 699 3778 l,
716 3715 757 3779 10,
772 3716 814 3768 12.
832 3717 941 3767 Suetnn.
956 3716 1025 3783 Aug.
1043 3713 1086 3765 71.
1106 3715 1174 3769 Ner.

188 3796 230 3850 49.
258 3797 316 3848 eal.
332 3795 374 3848 43.
410 3797 442 3848 In
466 3797 562 3850 Claud.
578 3795 620 3847 15.
643 3796 750 3850 librarii
778 3798 827 3851 alii
849 3802 939 3863 modo,
970 3800 1018 3852 ulii
1042 3802 1174 3852 interdum

187 3881 370 3948 seripserunt,
396 3899 449 3934 nan
473 3887 578 3934 mustutu
601 3881 745 3934 sententio.
787 3884 856 3934 Item
883 3883 1045 3939 inPctron.
1068 3903 1092 3936 c.
1111 3885 1178 3938 113.
1230 3876 1232 3881 ¹

187 3969 230 4020 cl.
249 3969 399 4020 Burmann.
415 3967 450 4020 ud
467 3968 593 4035 Propert.
609 3968 635 4031 1,
653 3967 680 4031 3,
694 3965 746 4018 43:

144 4067 148 4079 ’
221 4071 338 4140 Quintil.
352 4069 420 4134 4,2,
435 4069 478 4124 19.
494 4072 565 4138 ficto
581 4071 683 4124 interim
706 4047 828 4126 ndrratio
850 4073 978 4126 introduci
997 4074 1058 4127 rolct
1076 4074 1117 4126 oei
1135 4075 1173 4128 ad
