2632 4770
217 290 282 355 402
378 317 387 341 x.
674 277 837 348 turen-¹

185 466 192 473 ·
220 437 365 528 quidem,
383 444 420 498 ut
434 434 598 520 cogitetur
613 433 809 498 continuum
828 441 974 518 tempus,
996 430 1029 495 in
1047 416 1189 516 quo-*res
1205 455 1277 500 me-

219 524 592 602 moratanontineatur,
615 530 671 584 ant
687 543 750 608 per
767 518 858 606 quod
875 518 1091 604 producatur.

324 642 386 697 niv.
400 638 443 706 363
459 639 504 706 29,
517 637 543 694 5.
561 640 633 693 inter
645 640 735 709 ipsam·
745 655 857 709 pugnae
878 645 977 708 tempas
992 639 1079 689 decem
1093 655 1175 690 naves
1188 639 1278 709 regiae

287 747 346 783 enm
356 731 490 798 praeferto
508 720 607 777 isidoro
622 725 658 777 nd
677 725 818 778 Thronium
835 724 865 776 in
880 724 939 776 sinn
955 722 1069 776 mdiono
1082 724 1201 777 natant.
1241 728 1249 738 ⁴

325 828 386 882 [aiv.
402 826 446 893 32,
461 828 506 893 29,
521 826 548 879 2.
568 827 709 879 Frusinone
724 826 793 879 inter
807 833 906 879 nonem
928 827 971 878 lun
986 833 1059 901 orto.
1094 824 1143 878 nbi
1166 826 1276 879 Grono-

289 914 352 968 vius
375 914 483 967 confert
506 912 557 978 38,
576 902 629 978 tt,
642 909 669 964 4.
698 912 765 978 quod
784 911 840 964 lune
860 910 931 964 inter
954 901 1048 964 lio'ram
1069 912 1175 963 tertiam
1192 916 1277 978 fenne

286 1007 314 1054 et
328 1006 451 1068 quartam
464 1000 586 1051 tenebrae
608 997 711 1049 obortae
720 1000 840 1063 famant.
874 994 928 1047 nisi
952 995 1023 1055 haee
1045 994 1085 1047 ito
1110 995 1184 1048 dieto
1206 1002 1275 1062 sunt,

286 1091 320 1138 nt
335 1101 384 1137 nos
397 1084 523 1136 zwisalten
536 1081 592 1134 ἀνα·
607 1082 661 1132 ond
675 1081 729 1135 sier.
747 1081 803 1132 nnn
820 1079 855 1131 sle
873 1079 962 1132 medio
980 1086 1103 1147 tempore
1114 1080 1243 1133 dicimus.

325 1185 434 1239 (lollius
448 1183 474 1249 9,
490 1183 517 1236 4.
533 1182 573 1252 (in
593 1181 722 1249 Albanio)
739 1184 836 1236 dieitur
853 1183 935 1252 gigni
955 1184 1087 1248 nominee,
1105 1185 1152 1252 qai
1168 1212 1199 1224 -
1216 1185 1275 1254 plne

287 1277 396 1324 eemmrt
409 1272 488 1323 neniis
501 1287 549 1339 per
563 1277 662 1321 noctem
677 1285 756 1336 qnam
768 1269 834 1320 inter
852 1269 930 1320 diem.
990 1325 992 1330 y

238 1410 246 1453 ⁷
292 1421 355 1486 ⁸29.
391 1419 520 1485 Eodem
550 1416 655 1485 mod'o
689 1420 828 1485 nomina
865 1431 1070 1508 usurpantur
1100 1443 1217 1486 rerum
1241 1427 1273 1488 in

216 1505 561 1655 Qm.
603 1506 646 1570 Et
662 1505 782 1570 dieitur
797 1508 884 1572 inter
898 1508 1042 1594 aliquam
1057 1530 1130 1571 rem
1149 1498 1273 1594 aliliqui

179 1599 183 1615 '
244 1593 309 1672 eri,
335 1591 426 1679 quod
440 1590 478 1655 fit
494 1613 559 1656 una
582 1611 662 1656 eum
675 1592 731 1657 illa
747 1602 780 1656 et
794 1593 947 1670 interim,
966 1595 1035 1658 sive
1057 1592 1273 1680 intelligimus

182 1757 187 1765 x
218 1679 418 1751 continuum
440 1670 589 1765 tempui,
616 1677 703 1741 dum,
723 1676 810 1745 aliud
842 1678 922 1764 quid
946 1677 1013 1753 fit,
1043 1684 1111 1742 sive
1136 1680 1179 1744 ali
1208 1681 1272 1744 uod

216 1763 379 1851 temporis
408 1767 590 1851 puoettim,
616 1763 652 1828 in
677 1764 769 1850 qnod
798 1763 886 1830 aliud
911 1765 990 1850 quid
1020 1763 1155 1830 incidit.
1183 1706 1273 1832 qVide

217 1849 372 1915 Curtium
396 1849 437 1914 ad
461 1848 594 1913 Sallust.
611 1848 683 1935 Ing.
700 1850 752 1927 40,
773 1851 804 1914 4.
827 1849 995 1915 Drakenb.
1018 1849 1059 1912 ad
1080 1851 1151 1915 Liv.
1170 1856 1201 1932 6,
1219 1855 1270 1935 24,

218 1940 271 2000 10.
300 1935 341 1998 od
365 1937 462 2013 4,18,
481 1935 576 1999 aad
603 1935 635 2012 4,
652 1940 701 2012 19,
717 1939 749 1998 7.
795 1937 889 2014 Quae
914 1935 1003 2023 opud
1030 1934 1270 2002 Ruhnkeoium

216 2019 260 2086 od
276 2019 411 2085 Terent.
430 2019 516 2083 Euo.
531 2021 563 2102 4,
580 2025 613 2101 2,
632 2026 660 2084 1.
680 2020 835 2106 leguntur
851 2033 928 2084 sunt
945 2021 1178 2106 Oudendorpii
1195 2045 1267 2088 ver-

124 2123 128 2126 ’
216 2105 258 2170 bo
273 2105 312 2169 od
323 2105 458 2168 Sueten.
474 2105 567 2169 Caes.
584 2112 614 2169 4.
659 2105 761 2186 Quod
777 2129 854 2171 vero
871 2105 1062 2171 Schefferus
1080 2108 1119 2170 ad
1131 2108 1273 2174 Phaedr.

215 2191 255 2265 4,
283 2195 340 2268 16,
364 2192 396 2256 4.
427 2201 562 2271 monet,
591 2194 683 2256 inter
706 2191 850 2257 indicare
871 2193 1023 2263 celerem
1039 2196 1269 2271 mutationem,

84 2278 89 2286 “
153 2357 156 2362 .
217 2272 376 2340 obhorret
408 2276 447 2340 ab
476 2277 591 2340 indole
616 2279 812 2364 particulae,
844 2301 905 2341 nee
933 2278 1129 2359 interestis
1158 2293 1270 2344 ortam

214 2361 303 2510 opud
327 2359 443 2458 lustin.
472 2369 507 2444 1,
533 2368 583 2427 10.
612 2362 791 2451 significate
822 2364 1020 2449 simulatque
1042 2363 1091 2426 sol
1116 2367 1270 2432 oriretur.

188 2489 190 2495 -
216 2444 304 2511 llud
321 2458 441 2530 enom,
464 2450 553 2534 quod
572 2450 754 2533 Herzogius
779 2450 819 2514 od
837 2450 968 2513 Sallust.
995 2452 1065 2514 Cat.
1081 2451 1133 2527 43,
1151 2457 1182 2514 3.
1208 2453 1271 2515 do-

36 2615 39 2622 .
67 2567 69 2573 v
110 2535 113 2544 '
135 2605 137 2610 ,
191 2599 193 2603 ,
217 2541 287 2612 oet,
307 2530 399 2597 inter
413 2556 482 2597 non
498 2557 568 2600 esse
587 2535 643 2612 in,
669 2536 725 2600 sed
742 2536 860 2608 maiori
878 2536 909 2600 vi
931 2537 1117 2621 exprimere
1138 2558 1271 2620 germa-

165 2619 166 2622 ’
215 2618 330 2682 ninum
347 2619 470 2684 mitten
495 2632 611 2699 anter,
634 2621 822 2685 liberiorem
849 2643 943 2684 usum
970 2642 1121 2683 coercere
1145 2626 1269 2708 nequit

215 2703 268 2770 Ex
291 2706 352 2768 istu
377 2727 454 2769 vero
480 2707 608 2770 ratione
631 2706 754 2770 multae
773 2717 951 2769 naseuntur
971 2705 1153 2794 &gaulone
1177 2707 1270 2773 inter

42 2832 47 2843 ·
159 2821 162 2824 ·
215 2812 377 2867 coenam,
400 2791 492 2855 inter
509 2814 627 2866 arma,
651 2808 686 2853 nn
704 2812 742 2854 er
752 2787 903 2874 fulmina
928 2802 961 2854 et
980 2791 1154 2865 tonitrua,
1177 2795 1270 2858 inter

130 2891 157 2933 ,’
216 2875 315 2955 nina,
338 2876 429 2940 inter
450 2898 584 2957 moras,
612 2875 700 2959 quod
721 2875 876 2937 Germani
901 2875 1015 2938 dicunt
1029 2875 1269 2946 mittierineile.

214 2959 313 3024 Inter
326 2960 431 3032 initia
446 2971 479 3027 et
499 2962 589 3023 inter
600 2959 778 3043 principia
797 2957 980 3044 significant
999 2959 1113 3044 primis
1128 2968 1269 3050 tempo.

214 3044 326 3125 ribus,
358 3040 468 3109 initio':
502 3066 565 3129 qua
590 3044 931 3130 diatione'imprimis
956 3045 1068 3107 Celsus
1102 3045 1211 3110 utitur
1240 3062 1268 3115 et

214 3131 338 3196 Plinius
355 3141 386 3193 et
402 3129 597 3208 Suetonius,
620 3150 689 3193 non
705 3130 927 3215 antiquiores.
962 3129 1016 3194 Cf.
1035 3129 1211 3198 Drakeub.
1229 3135 1267 3199 ad

147 3253 151 3257 ,
213 3216 285 3279 Liv.
311 3215 395 3301 Epit.
421 3218 473 3278 79.
528 3215 637 3278 Etiam
660 3215 798 3280 nomina
826 3214 1000 3302 singularis
1025 3217 1157 3282 numeri
1188 3218 1266 3286 huie

213 3297 344 3365 formae
359 3296 559 3386 congruunt.
599 3360 604 3368 .

274 3462 278 3475 .
317 3426 408 3480 Plaut.
426 3425 512 3496 Stich.
529 3426 558 3493 5,
572 3425 599 3492 ὅ,
611 3414 637 3479 6.
653 3427 721 3480 inter
740 3427 808 3480 tuan
823 3434 913 3481 tamen
932 3429 1069 3498 negotium
1091 3431 1154 3484 meir
1176 3433 1265 3485 ourani

280 3512 372 3563 ominis
390 3539 423 3552 -
441 3531 520 3566 coesse
536 3521 610 3566 ooetn
621 3521 651 3566 at
663 3520 734 3566 erret.
768 3511 829 3566 Liv.
847 3512 872 3577 1,
887 3511 931 3577 59,
946 3513 989 3564 13.
1007 3517 1072 3567 inter
1085 3518 1154 3568 lanne
1168 3518 1262 3582 tumul-

278 3601 334 3646 tum
349 3596 436 3648 'ronta
449 3600 523 3650 domo
538 3599 666 3667 profugit.
701 3599 742 3650 ne
759 3598 814 3650 line
838 3598 954 3650 dictione
973 3599 1093 3650 Gronov.
1109 3599 1223 3654 Observ.
1236 3598 1263 3666 4,

279 3677 323 3730 29.
343 3688 410 3734 extr.
424 3682 467 3750 22,
483 3682 528 3747 49,
544 3683 586 3735 12.
604 3683 629 3746 l,
645 3681 688 3747 41,
705 3683 730 3734 l.
750 3680 834 3746 1,55,
850 3681 876 3733 3.
905 3685 969 3735 inter
983 3685 1113 3752 principia
1137 3688 1266 3739 condendi

275 3763 353 3816 linias
368 3769 457 3836 operis.
494 3766 549 3819 cta.
565 3768 648 3820 neat.
663 3767 688 3832 1,
704 3766 731 3833 8,
747 3766 790 3834 to.
810 3768 879 3820 inter
894 3768 968 3834 qnasi
985 3768 1101 3833 fatalem
1120 3778 1145 3822 et
1167 3771 1265 3822 immn-

277 3850 382 3902 nattum
396 3852 611 3906 continuationem
627 3852 727 3919 ordinis
746 3853 900 3921 sempiterni.
936 3851 985 3903 uni
1002 3853 1136 3927 Goerenz.
1168 3855 1266 3921 'Quin-

145 3950 147 3953 ·
207 3955 210 3958 ·
277 3933 320 3987 til.
333 3934 392 4000 “12,
414 3935 448 3998 3,
471 3935 496 3989 2.
520 3948 593 4005 ‘mine
622 3938 705 3990 suino
731 3935 799 3988 inter
826 3937 896 4004 ipsae
927 3937 1036 3989 actiones
1066 3940 1139 3989 nasei
1170 3942 1263 3994 ealon.

277 4016 389 4074 Suetou.
410 4020 489 4074 cneo.
512 4018 538 4073 4.
567 4024 635 4091 quod
658 4022 712 4075 illie
734 4038 811 4091 saepe
830 4022 945 4073 minatus
965 4023 1034 4075 inter
1054 4023 1140 4076 ierom
1157 4029 1263 4092 suerat.

274 4101 324 4156 aot
337 4103 401 4175 vine
418 4105 642 4176 Oudendorpium
655 4101 684 4160 el
699 4104 827 4160 necnee.
842 4105 874 4160 B.
888 4105 956 4176 gell.
971 4107 997 4174 1,
1012 4104 1055 4159 36.
