2632 4770
216 239 277 307 184
660 227 826 298 IGITVR.

331 382 603 454 (tole.2,14.poteat
617 386 684 438 eata
697 387 803 438 morbae
817 384 1010 457 artamgraots
1031 399 1085 438 aare
1107 397 1188 452 qoem
1208 384 1270 451 fue
1310 414 1312 421 ,

287 475 339 538 rit,
357 489 436 540 aeque
450 471 506 522 ideo
520 477 608 523 tamea
629 472 701 523 eoloi.
736 469 763 534 3,
778 468 805 523 9.
829 469 945 538 Qutattt.
966 470 1001 536 Ζ,
1015 466 1051 535 θ,
1066 469 1094 527 8,
1110 482 1193 534 aequo
1208 467 1269 519 ideo

288 567 375 613 tamea
394 556 478 608 minae
497 556 562 607 vitio
591 563 680 624 aperte
707 558 877 625 coarguendo
909 562 979 609 aaut.
1001 546 1048 621 ’8,
1075 560 1201 621 prooem·
1228 547 1268 606 1⁸

287 658 342 699 noa
355 642 412 693 ideo
427 648 515 694 tamen
529 642 584 693 sola
597 648 638 694 eat
653 642 758 710 agendo
774 657 839 692 curo
851 642 992 699 maurum.
1011 637 1038 704 4,
1053 638 1081 703 2,
1096 635 1141 689 tta.

306 761 338 840 *l
360 762 617 826 commutantur
632 784 729 850 saepe
750 759 837 827 adeo
861 769 894 824 et
918 759 1007 831 ideo.
1036 759 1100 826 vid.
1117 756 1223 827 Tam.
1240 746 1280 821 15⁷

224 848 340 937 p.155.
382 846 485 912 Eteo.
518 849 583 912 vid.
602 849 694 913 Cart.
713 847 753 910 ad
769 845 967 933 Plin..Epist.
986 852 1016 927 1,
1034 848 1065 912 5.
1088 842 1269 943 Burmann.
1310 870 1312 875 ·

225 948 265 1012 ad
285 948 421 1011 Sueton.
454 947 568 1011 Tiber.
585 950 638 1012 29.
669 948 809 1015 Librarii
831 957 968 1013 utuntur
989 942 1192 1032 compendio
1215 945 1267 1008 io:

251 1033 315 1096 uod
331 1032 498 1097 interdum
521 1055 585 1118 pro
608 1033 648 1098 id
675 1043 848 1120 acceptum
871 1043 929 1098 est.
974 1030 1018 1103 cf.
1040 1033 1205 1096 Goerenz.
1231 1024 1269 1092 orl

226 1056 293 1182 itta.
311 1117 351 1182 de
365 1117 436 1183 Fin.
451 1121 485 1198 5,
501 1124 555 1200 29,
574 1122 627 1185 87.
668 1119 861 1189 Notandum
883 1128 932 1185 est
958 1117 1056 1186 etiam
1080 1113 1146 1184 dici
1161 1113 1202 1179 id
1222 1135 1268 1184 eo.

225 1202 329 1272 Plaut.
352 1203 450 1270 Curc.
469 1210 498 1285 1,
514 1211 543 1285 1,
559 1207 612 1274 61.

1307 1000 1312 1041 l

605 1332 889 1493 terrun.

315 1571 366 1638 De
390 1573 516 1659 origine
538 1567 688 1636 vocabuli
715 1587 846 1643 marva
872 1567 950 1657 quid
973 1566 1137 1636 veteribus
1160 1580 1271 1655 guatm-

229 1657 359 1722 matlcis
383 1661 489 1723 visum
517 1657 579 1737 sit,
619 1656 682 1744 ipsl
710 1679 780 1720 non
806 1656 1023 1721 tradiderunt.
1074 1656 1210 1720 Vossius
1239 1654 1270 1719 ia

228 1741 463 1830 Etymologico
488 1744 615 1830 primus
647 1743 772 1805 exstitit
792 1739 888 1804 huius
912 1742 960 1805 rei
993 1741 1212 1829 investigator.
1230 1746 1270 1819 ot,

229 1829 400 1909 ‚‚vidctur,
423 1829 540 1915 inquit,
568 1826 630 1890 dici
647 1827 737 1913 qua'si
753 1825 792 1889 id
811 1827 932 1913 agitur
949 1827 1051 1891 eiecto
1067 1842 1112 1904 1),
1137 1836 1176 1889 ut
1189 1846 1270 1911 ope·

230 1913 285 1977 rio
300 1912 406 1977 exod
421 1912 608 1998 etpurio.“
652 1916 694 1974 At
710 1912 830 1996 aperio
845 1932 886 1974 ex
903 1911 1048 1998 a-pario
1073 1921 1187 1975 ortum'
1206 1929 1271 1973 eece
1307 1932 1312 1989 1

231 2006 377 2071 constat,
399 2016 506 2083 neque
521 1996 581 2059 alia
597 1996 749 2082 exempla
772 1996 948 2061 verborum
974 1995 1149 2076 videlicet,
1170 1994 1272 2071 ilicet,
1307 1998 1312 2081 j

226 2079 437 2167 pedetentim
462 2081 553 2146 istius
575 2082 825 2168 compositionis
852 2083 1016 2148 rationem
1042 2080 1271 2168 comprobant,
1306 2084 1312 2155 1

230 2186 337 2249 neque
360 2165 459 2228 etiam
487 2187 563 2229 usus
587 2168 756 2252 congruit,
787 2168 823 2232 in
845 2188 911 2250 quo
933 2167 1025 2230 istius
1052 2165 1272 2254 etymologiae
1307 2162 1312 2229 l

231 2250 365 2336 vestigia
396 2251 576 2320 identidem
607 2261 811 2317 evanescunt.
870 2254 1083 2338 Quamquam
1109 2272 1154 2316 ne
1186 2269 1272 2316 nunc
1306 2238 1312 2317 i

230 2333 365 2420 quidem
388 2336 524 2414 desunt,
547 2337 604 2422 qui
628 2337 719 2402 illam
744 2339 939 2423 opinionem
963 2347 1085 2401 certam
1108 2347 1141 2400 et
1163 2356 1273 2402 veram

232 2421 433 2505 existiment.
476 2422 551 2488 Vid.
568 2423 768 2488 Boetticheri
784 2426 890 2489 Lexic.
912 2421 1018 2489 Tacit.
1037 2445 1069 2510 p.
1087 2425 1163 2489 206.
1206 2421 1271 2485 Ne·
1309 2482 1312 2491 ,

233 2525 297 2612 quo
321 2507 440 2593 ignoro
463 2509 560 2572 etiam
582 2509 809 2574 Hermannum
834 2510 869 2572 in
892 2508 1028 2572 Dissert.
1051 2506 1092 2573 dc
1113 2505 1272 2572 Particula

232 2589 274 2658 ta
292 2614 326 2677 p.
344 2594 375 2659 4.
398 2605 434 2657 ut
450 2592 708 2674 demonstraret,
729 2596 870 2680 integras
889 2591 1127 2657 enuntiationes
1145 2593 1181 2655 in
1198 2611 1272 2680 par·

232 2675 346 2741 ticulas
370 2679 506 2759 abiisse,
530 2679 856 2756 vocabulorum,
880 2679 969 2762 quod
995 2685 1077 2741 essct
1102 2699 1144 2741 ex
1168 2700 1202 2746 es
1231 2676 1272 2740 ist

232 2763 331 2832 waler
361 2773 584 2843 contractum,
616 2764 768 2828 attulisse.
828 2763 893 2826 Sed
918 2765 951 2826 in
976 2761 1037 2826 hac
1064 2761 1203 2829 obscura
1227 2760 1273 2825 via

234 2867 423 2925 caveamus,
448 2870 490 2910 ne
514 2848 554 2915 ad
573 2849 672 2911 miras
699 2857 731 2911 et
746 2847 951 2911 incredibiles
977 2847 1194 2915 derivationes
1217 2845 1274 2910 ab-

232 2951 391 2998 erremus.
440 2931 626 2995 Absurdum
662 2935 750 2995 enim
780 2942 829 2995 est
865 2944 1092 2996 commentum
1121 2931 1274 3007 scheidii,

232 3018 288 3102 qui
306 3041 420 3105 graeca
433 3016 604 3098 verbaffel'ys
620 3013 653 3082 τὸ
670 3014 707 3100 tta
725 3018 830 3081 inesse
852 3019 997 3104 putabat.
1037 3017 1273 3085 Ramshorniue

177 3150 179 3154 -
229 3102 266 3174 in
283 3104 467 3190 Synonym.
489 3101 590 3165 Tom.
612 3107 643 3166 2.
667 3123 701 3188 p.
728 3104 801 3166 115.
825 3103 956 3168 voculas
979 3100 1018 3166 id
1038 3124 1085 3188 ge
1101 3112 1158 3167 tur
1178 3124 1272 3166 com·

131 3250 133 3259 ,
231 3189 358 3273 positas
383 3197 496 3269 putat,
534 3207 674 3272 quarum
704 3187 802 3254 altera
832 3210 987 3274 graecum
1014 3187 1047 3270 γὲ
1074 3186 1133 3267 sit,
1175 3187 1274 3259 altera

232 3283 289 3336 tar
314 3271 474 3360 significet
487 3271 648 3356 penitus,
677 3271 859 3343 durclerus.
921 3273 1015 3358 Quae
1045 3272 1158 3342 omnia
1186 3270 1274 3337 diffi-

232 3355 324 3421 cilius
365 3367 413 3421 est
447 3358 578 3432 credere
612 3378 712 3443 quam
747 3380 877 3444 negare.
941 3357 1186 3424 Lindemanuus
1216 3356 1275 3422 de-

232 3441 333 3525 nique
354 3442 395 3507 ad
413 3441 515 3507 Plaut.
538 3442 660 3527 Amph.
686 3448 725 3519 1,
749 3450 786 3522 1,
806 3448 858 3509 60.
882 3441 992 3530 igitur
1016 3441 1187 3508 dicitesse
1210 3453 1276 3506 ter-

231 3524 311 3590 tiam
328 3549 502 3612 personam
516 3528 616 3617 prisci
632 3526 720 3592 verbi
739 3527 818 3614 igar
834 3526 885 3592 vel
907 3528 1009 3607 icior,
1035 3527 1125 3613 quod
1150 3525 1276 3614 signifi«

233 3621 284 3672 cet
299 3631 429 3701 sequor.
474 3613 572 3678 Cuius
591 3611 799 3683 derivationis
813 3615 978 3681 rationem
1006 3622 1038 3676 et
1059 3615 1168 3700 ipsum
1195 3611 1276 3676 illud

232 3696 371 3760 verbum
390 3698 534 3787 priscum
553 3698 704 3783 equidem
720 3720 789 3767 nou
812 3699 888 3764 satis
911 3698 1096 3785 perspicio,
1120 3697 1175 3762 sed
1203 3698 1275 3784 igi-

233 3791 290 3848 tur
312 3781 521 3850 referendum
547 3805 615 3847 esse
639 3782 734 3846 video
767 3783 807 3852 ad
836 3783 1105 3870 pronominalem
1133 3784 1276 3869 stirpem

233 3865 469 3938 vocabulorum
495 3869 581 3932 iia:
607 3890 688 3956 quae
715 3878 764 3931 est.
786 3868 883 3931 etiam
906 3868 1029 3958 Boppii
1049 3869 1230 3942 sententia,
1258 3891 1277 3932 a

233 3947 461 4017 Lindemanno
492 3953 527 4016 in
553 3956 641 4016 notis
676 3953 715 4018 ad
744 3953 876 4016 Festum
904 3976 939 4040 p.
959 3955 1033 4019 455.
1063 3954 1135 4016 sine
1165 3974 1279 4017 caussa

234 4037 443 4125 reprehensa.
495 4038 571 4106 Itur
586 4040 674 4104 enim
691 4039 888 4126 cognatione
905 4049 954 4104 est
970 4037 1184 4104 coniunctum
1201 4059 1280 4105 oum
