<?xml version="1.0" encoding="UTF-8"?>
<!DOCTYPE html PUBLIC "-//W3C//DTD XHTML 1.0 Transitional//EN"
    "http://www.w3.org/TR/xhtml1/DTD/xhtml1-transitional.dtd">
<html xmlns="http://www.w3.org/1999/xhtml" xml:lang="en" lang="en">
 <head>
  <title>
</title>
<meta http-equiv="Content-Type" content="text/html;charset=utf-8" />
  <meta name='ocr-system' content='tesseract 3.04.00' />
  <meta name='ocr-capabilities' content='ocr_page ocr_carea ocr_par ocr_line ocrx_word'/>
</head>
<body>
  <div class='ocr_page' id='page_1' title='image "./tursellinusseud01handgoog_0052.png"; bbox 0 0 2632 4770; ppageno 0'>
   <div class='ocr_carea' id='block_1_1' title="bbox 659 244 792 310">
    <p class='ocr_par' dir='ltr' id='par_1_1' title="bbox 659 244 792 310">
     <span class='ocr_line' id='line_1_1' title="bbox 659 244 792 310; baseline 0 0"><span class='ocrx_word' id='word_1_1' title='bbox 659 288 662 298; x_wconf 90' lang='lat'>-</span> <span class='ocrx_word' id='word_1_2' title='bbox 704 244 792 310; x_wconf 86' lang='lat' dir='ltr'>HEl.</span> 
     </span>
    </p>
   </div>
   <div class='ocr_carea' id='block_1_2' title="bbox 291 396 1275 559">
    <p class='ocr_par' dir='ltr' id='par_1_2' title="bbox 291 396 1275 559">
     <span class='ocr_line' id='line_1_2' title="bbox 291 396 1275 473; baseline -0.013 -12"><span class='ocrx_word' id='word_1_3' title='bbox 291 404 327 472; x_wconf 81' lang='lat'>8,</span> <span class='ocrx_word' id='word_1_4' title='bbox 341 403 368 459; x_wconf 70' lang='lat' dir='ltr'>ll„</span> <span class='ocrx_word' id='word_1_5' title='bbox 387 401 436 458; x_wconf 84' lang='lat' dir='ltr'>nbi</span> <span class='ocrx_word' id='word_1_6' title='bbox 458 401 502 454; x_wconf 80' lang='lat' dir='ltr'>troi</span> <span class='ocrx_word' id='word_1_7' title='bbox 521 398 586 453; x_wconf 67' lang='lat' dir='ltr'>aut</span> <span class='ocrx_word' id='word_1_8' title='bbox 609 396 679 453; x_wconf 84' lang='lat' dir='ltr'>dicit</span> <span class='ocrx_word' id='word_1_9' title='bbox 699 396 876 468; x_wconf 70' lang='lat' dir='ltr'><strong>Pamphilus,</strong></span> <span class='ocrx_word' id='word_1_10' title='bbox 893 416 977 469; x_wconf 85' lang='lat' dir='ltr'>quum</span> <span class='ocrx_word' id='word_1_11' title='bbox 1000 400 1109 468; x_wconf 80' lang='lat' dir='ltr'>uideat,</span> <span class='ocrx_word' id='word_1_12' title='bbox 1124 418 1210 473; x_wconf 70' lang='lat' dir='ltr'>quam</span> <span class='ocrx_word' id='word_1_13' title='bbox 1228 419 1275 457; x_wconf 65' lang='lat' dir='ltr'>rna</span> 
     </span>
     <span class='ocr_line' id='line_1_3' title="bbox 293 484 699 559; baseline -0.025 -14"><span class='ocrx_word' id='word_1_14' title='bbox 293 485 496 559; x_wconf 77' lang='lat' dir='ltr'>exspectatione</span> <span class='ocrx_word' id='word_1_15' title='bbox 511 485 639 552; x_wconf 74' lang='lat' dir='ltr'>deceptui</span> <span class='ocrx_word' id='word_1_16' title='bbox 654 484 699 538; x_wconf 84' lang='lat' dir='ltr'>rit.</span> 
     </span>
    </p>
   </div>
   <div class='ocr_carea' id='block_1_3' title="bbox 226 583 1272 914">
    <p class='ocr_par' dir='ltr' id='par_1_3' title="bbox 254 583 1272 655">
     <span class='ocr_line' id='line_1_4' title="bbox 254 583 1272 655; baseline -0.005 -10"><span class='ocrx_word' id='word_1_17' title='bbox 254 640 257 645; x_wconf 90' lang='grc'><em>,</em></span> <span class='ocrx_word' id='word_1_18' title='bbox 326 589 463 644; x_wconf 79' lang='lat' dir='ltr'>InPlaut.</span> <span class='ocrx_word' id='word_1_19' title='bbox 477 586 557 655; x_wconf 77' lang='lat' dir='ltr'>Epio.</span> <span class='ocrx_word' id='word_1_20' title='bbox 571 587 603 652; x_wconf 74' lang='lat'>5,</span> <span class='ocrx_word' id='word_1_21' title='bbox 619 585 654 651; x_wconf 75' lang='grc'>2,</span> <span class='ocrx_word' id='word_1_22' title='bbox 669 583 712 639; x_wconf 76' lang='grc'>49.</span> <span class='ocrx_word' id='word_1_23' title='bbox 730 588 777 641; x_wconf 83' lang='lat' dir='ltr'>ati</span> <span class='ocrx_word' id='word_1_24' title='bbox 796 591 870 641; x_wconf 81' lang='lat' dir='ltr'>modo</span> <span class='ocrx_word' id='word_1_25' title='bbox 884 591 961 643; x_wconf 75' lang='lat' dir='ltr'>iutro.</span> <span class='ocrx_word' id='word_1_26' title='bbox 996 607 1039 642; x_wconf 73' lang='lat' dir='ltr'>en.</span> <span class='ocrx_word' id='word_1_27' title='bbox 1063 590 1198 642; x_wconf 76' lang='lat' dir='ltr'>Hei-nou</span> <span class='ocrx_word' id='word_1_28' title='bbox 1213 589 1272 642; x_wconf 83' lang='lat' dir='ltr'>illuc</span> 
     </span>
    </p>

    <p class='ocr_par' dir='ltr' id='par_1_4' title="bbox 290 672 1272 733">
     <span class='ocr_line' id='line_1_5' title="bbox 290 672 1272 733; baseline -0.009 0"><span class='ocrx_word' id='word_1_29' title='bbox 290 681 384 733; x_wconf 80' lang='lat' dir='ltr'>temere</span> <span class='ocrx_word' id='word_1_30' title='bbox 403 681 449 726; x_wconf 82' lang='lat' dir='ltr'>est.</span> <span class='ocrx_word' id='word_1_31' title='bbox 481 672 622 726; x_wconf 78' lang='lat' dir='ltr'>Acidaliae</span> <span class='ocrx_word' id='word_1_32' title='bbox 636 688 732 725; x_wconf 76' lang='lat' dir='ltr'>verum</span> <span class='ocrx_word' id='word_1_33' title='bbox 753 672 905 726; x_wconf 70' lang='lat' dir='ltr'>restituisse</span> <span class='ocrx_word' id='word_1_34' title='bbox 919 675 1028 729; x_wconf 84' lang='lat' dir='ltr'>videtur</span> <span class='ocrx_word' id='word_1_35' title='bbox 1049 673 1211 727; x_wconf 77' lang='lat' dir='ltr'>scribendos</span> <span class='ocrx_word' id='word_1_36' title='bbox 1232 674 1272 725; x_wconf 81' lang='lat' dir='ltr'>oti</span> 
     </span>
    </p>

    <p class='ocr_par' dir='ltr' id='par_1_5' title="bbox 226 746 1270 914">
     <span class='ocr_line' id='line_1_6' title="bbox 226 746 1270 816; baseline -0.007 0"><span class='ocrx_word' id='word_1_37' title='bbox 226 746 238 754; x_wconf 49' lang='lat'>⁶</span> <span class='ocrx_word' id='word_1_38' title='bbox 290 762 368 816; x_wconf 81' lang='lat' dir='ltr'>modo</span> <span class='ocrx_word' id='word_1_39' title='bbox 380 761 466 812; x_wconf 77' lang='lat' dir='ltr'>intro:</span> <span class='ocrx_word' id='word_1_40' title='bbox 485 759 511 810; x_wconf 84' lang='lat' dir='ltr'>oi</span> <span class='ocrx_word' id='word_1_41' title='bbox 526 756 545 811; x_wconf 86' lang='lat' dir='ltr'>i.</span> <span class='ocrx_word' id='word_1_42' title='bbox 560 776 584 811; x_wconf 89' lang='lat' dir='ltr'>e.</span> <span class='ocrx_word' id='word_1_43' title='bbox 607 758 625 810; x_wconf 81' lang='lat' dir='ltr'>i.</span> <span class='ocrx_word' id='word_1_44' title='bbox 660 757 764 810; x_wconf 84' lang='lat' dir='ltr'>Eodem</span> <span class='ocrx_word' id='word_1_45' title='bbox 779 759 860 812; x_wconf 87' lang='lat' dir='ltr'>modo</span> <span class='ocrx_word' id='word_1_46' title='bbox 879 760 1019 813; x_wconf 78' lang='lat' dir='ltr'>Bentleiua</span> <span class='ocrx_word' id='word_1_47' title='bbox 1040 758 1199 812; x_wconf 83' lang='lat' dir='ltr'>emendarit</span> <span class='ocrx_word' id='word_1_48' title='bbox 1214 757 1270 812; x_wconf 82' lang='lat' dir='ltr'>&#39;l&#39;e-</span> 
     </span>
     <span class='ocr_line' id='line_1_7' title="bbox 290 838 1120 914; baseline -0.001 -16"><span class='ocrx_word' id='word_1_49' title='bbox 290 850 361 899; x_wconf 84' lang='lat' dir='ltr'>rent.</span> <span class='ocrx_word' id='word_1_50' title='bbox 375 845 476 896; x_wconf 84' lang='lat' dir='ltr'>llcaut.</span> <span class='ocrx_word' id='word_1_51' title='bbox 489 838 516 907; x_wconf 86' lang='grc'>4,</span> <span class='ocrx_word' id='word_1_52' title='bbox 532 841 562 911; x_wconf 73' lang='grc'>7,</span> <span class='ocrx_word' id='word_1_53' title='bbox 574 840 600 894; x_wconf 77' lang='grc' dir='ltr'>ὅ.</span> <span class='ocrx_word' id='word_1_54' title='bbox 620 840 639 894; x_wconf 80' lang='lat' dir='ltr'>i.</span> <span class='ocrx_word' id='word_1_55' title='bbox 657 842 719 911; x_wconf 80' lang='lat' dir='ltr'>quid</span> <span class='ocrx_word' id='word_1_56' title='bbox 733 843 808 895; x_wconf 82' lang='lat' dir='ltr'>ator?</span> <span class='ocrx_word' id='word_1_57' title='bbox 828 838 878 911; x_wconf 75' lang='lat' dir='ltr'>pro</span> <span class='ocrx_word' id='word_1_58' title='bbox 893 845 936 896; x_wconf 78' lang='lat' dir='ltr'>liei</span> <span class='ocrx_word' id='word_1_59' title='bbox 944 881 953 908; x_wconf 97' lang='lat'>,</span> <span class='ocrx_word' id='word_1_60' title='bbox 970 846 1032 914; x_wconf 80' lang='lat' dir='ltr'>quid</span> <span class='ocrx_word' id='word_1_61' title='bbox 1045 845 1120 897; x_wconf 78' lang='lat' dir='ltr'>stas?</span> 
     </span>
    </p>
   </div>
   <div class='ocr_carea' id='block_1_4' title="bbox 290 941 1268 1100">
    <p class='ocr_par' dir='ltr' id='par_1_6' title="bbox 290 941 1268 1100">
     <span class='ocr_line' id='line_1_8' title="bbox 324 941 1268 1016; baseline -0.001 -17"><span class='ocrx_word' id='word_1_62' title='bbox 324 947 415 1000; x_wconf 87' lang='lat' dir='ltr'>Plaut.</span> <span class='ocrx_word' id='word_1_63' title='bbox 432 945 535 998; x_wconf 85' lang='lat' dir='ltr'>Bacch.</span> <span class='ocrx_word' id='word_1_64' title='bbox 549 943 576 1010; x_wconf 75' lang='grc' dir='ltr'>ὃ,</span> <span class='ocrx_word' id='word_1_65' title='bbox 592 941 619 1007; x_wconf 76' lang='grc' dir='ltr'>ὃ,</span> <span class='ocrx_word' id='word_1_66' title='bbox 636 943 661 995; x_wconf 71' lang='lat' dir='ltr'>i.</span> <span class='ocrx_word' id='word_1_67' title='bbox 680 944 722 995; x_wconf 78' lang='lat' dir='ltr'>tet</span> <span class='ocrx_word' id='word_1_68' title='bbox 744 945 825 1010; x_wconf 78' lang='lat' dir='ltr'>milri,</span> <span class='ocrx_word' id='word_1_69' title='bbox 843 947 886 999; x_wconf 77' lang='lat' dir='ltr'>tet</span> <span class='ocrx_word' id='word_1_70' title='bbox 902 949 976 1000; x_wconf 79' lang='lat' dir='ltr'>mitt.</span> <span class='ocrx_word' id='word_1_71' title='bbox 997 948 1092 1000; x_wconf 72' lang='lat' dir='ltr'>istium</span> <span class='ocrx_word' id='word_1_72' title='bbox 1115 949 1190 999; x_wconf 80' lang='lat' dir='ltr'>illum</span> <span class='ocrx_word' id='word_1_73' title='bbox 1209 963 1268 1016; x_wconf 76' lang='lat' dir='ltr'>per·</span> 
     </span>
     <span class='ocr_line' id='line_1_9' title="bbox 290 1030 1267 1100; baseline -0.002 -16"><span class='ocrx_word' id='word_1_74' title='bbox 290 1030 357 1084; x_wconf 84' lang='lat' dir='ltr'>didit</span> <span class='ocrx_word' id='word_1_75' title='bbox 372 1030 519 1084; x_wconf 69' lang='lat' dir='ltr'>assentatio.</span> <span class='ocrx_word' id='word_1_76' title='bbox 538 1045 607 1096; x_wconf 82' lang='lat' dir='ltr'>quoe</span> <span class='ocrx_word' id='word_1_77' title='bbox 622 1035 729 1082; x_wconf 80' lang='lat' dir='ltr'>vertas:</span> <span class='ocrx_word' id='word_1_78' title='bbox 748 1031 787 1094; x_wconf 81' lang='lat' dir='ltr'>ei,</span> <span class='ocrx_word' id='word_1_79' title='bbox 804 1032 836 1083; x_wconf 85' lang='lat' dir='ltr'>ei.</span> <span class='ocrx_word' id='word_1_80' title='bbox 871 1033 975 1084; x_wconf 78' lang='lat' dir='ltr'>Eodem</span> <span class='ocrx_word' id='word_1_81' title='bbox 988 1033 1069 1085; x_wconf 92' lang='lat' dir='ltr'>modo</span> <span class='ocrx_word' id='word_1_82' title='bbox 1089 1032 1189 1100; x_wconf 80' lang='lat' dir='ltr'>Amph.</span> <span class='ocrx_word' id='word_1_83' title='bbox 1204 1030 1231 1094; x_wconf 82' lang='lat'>2,</span> <span class='ocrx_word' id='word_1_84' title='bbox 1244 1031 1267 1092; x_wconf 83' lang='lat'>2,</span> 
     </span>
    </p>
   </div>
   <div class='ocr_carea' id='block_1_5' title="bbox 287 1113 1266 1456">
    <p class='ocr_par' dir='ltr' id='par_1_7' title="bbox 288 1113 1266 1279">
     <span class='ocr_line' id='line_1_10' title="bbox 292 1113 1266 1189; baseline 0.001 -22"><span class='ocrx_word' id='word_1_85' title='bbox 292 1114 352 1168; x_wconf 71' lang='lat'>123.</span> <span class='ocrx_word' id='word_1_86' title='bbox 386 1114 498 1168; x_wconf 82' lang='lat' dir='ltr'><strong>Terent.</strong></span> <span class='ocrx_word' id='word_1_87' title='bbox 513 1115 563 1169; x_wconf 79' lang='lat' dir='ltr'>Ad.</span> <span class='ocrx_word' id='word_1_88' title='bbox 581 1113 608 1179; x_wconf 89' lang='lat'>1,</span> <span class='ocrx_word' id='word_1_89' title='bbox 621 1113 648 1182; x_wconf 74' lang='grc'>2,</span> <span class='ocrx_word' id='word_1_90' title='bbox 662 1113 707 1169; x_wconf 88' lang='grc'>44.</span> <span class='ocrx_word' id='word_1_91' title='bbox 730 1115 781 1178; x_wconf 73' lang='lat' dir='ltr'>loci,</span> <span class='ocrx_word' id='word_1_92' title='bbox 795 1117 876 1182; x_wconf 75' lang='lat' dir='ltr'>mitt,</span> <span class='ocrx_word' id='word_1_93' title='bbox 891 1124 969 1189; x_wconf 81' lang='lat' dir='ltr'>poter</span> <span class='ocrx_word' id='word_1_94' title='bbox 988 1133 1039 1170; x_wconf 79' lang='lat' dir='ltr'>esse</span> <span class='ocrx_word' id='word_1_95' title='bbox 1062 1116 1131 1170; x_wconf 72' lang='lat' dir='ltr'>ditm</span> <span class='ocrx_word' id='word_1_96' title='bbox 1151 1118 1184 1169; x_wconf 85' lang='lat' dir='ltr'>at</span> <span class='ocrx_word' id='word_1_97' title='bbox 1206 1116 1266 1180; x_wconf 84' lang='lat' dir='ltr'>illis,</span> 
     </span>
     <span class='ocr_line' id='line_1_11' title="bbox 288 1200 502 1279; baseline 0 -27"><span class='ocrx_word' id='word_1_98' title='bbox 288 1200 335 1268; x_wconf 74' lang='lat' dir='ltr'>pai</span> <span class='ocrx_word' id='word_1_99' title='bbox 352 1216 411 1279; x_wconf 74' lang='lat' dir='ltr'>cere</span> <span class='ocrx_word' id='word_1_100' title='bbox 426 1200 502 1252; x_wconf 67' lang='lat' dir='ltr'>ment.</span> 
     </span>
    </p>

    <p class='ocr_par' dir='ltr' id='par_1_8' title="bbox 287 1298 1265 1456">
     <span class='ocr_line' id='line_1_12' title="bbox 327 1298 1265 1371; baseline 0 -17"><span class='ocrx_word' id='word_1_101' title='bbox 327 1301 418 1354; x_wconf 85' lang='lat' dir='ltr'>Plaut.</span> <span class='ocrx_word' id='word_1_102' title='bbox 433 1301 531 1369; x_wconf 80' lang='lat' dir='ltr'>Amph.</span> <span class='ocrx_word' id='word_1_103' title='bbox 546 1300 572 1365; x_wconf 93' lang='lat'>1,</span> <span class='ocrx_word' id='word_1_104' title='bbox 589 1300 615 1366; x_wconf 89' lang='lat'>1,</span> <span class='ocrx_word' id='word_1_105' title='bbox 631 1298 691 1354; x_wconf 70' lang='lat'><strong>165.</strong></span> <span class='ocrx_word' id='word_1_106' title='bbox 709 1303 758 1356; x_wconf 83' lang='lat' dir='ltr'>olet</span> <span class='ocrx_word' id='word_1_107' title='bbox 772 1303 848 1356; x_wconf 78' lang='lat' dir='ltr'>tomo</span> <span class='ocrx_word' id='word_1_108' title='bbox 863 1302 969 1371; x_wconf 79' lang='lat' dir='ltr'>paidom</span> <span class='ocrx_word' id='word_1_109' title='bbox 982 1303 1054 1359; x_wconf 73' lang='lat' dir='ltr'>nolo</span> <span class='ocrx_word' id='word_1_110' title='bbox 1064 1318 1123 1356; x_wconf 80' lang='lat' dir='ltr'>suo.</span> <span class='ocrx_word' id='word_1_111' title='bbox 1155 1317 1195 1357; x_wconf 77' lang='lat' dir='ltr'>uo.</span> <span class='ocrx_word' id='word_1_112' title='bbox 1218 1301 1265 1356; x_wconf 79' lang='lat' dir='ltr'>tet.</span> 
     </span>
     <span class='ocr_line' id='line_1_13' title="bbox 287 1384 1075 1456; baseline -0.001 -15"><span class='ocrx_word' id='word_1_113' title='bbox 287 1404 411 1441; x_wconf 69' lang='lat' dir='ltr'>numnam</span> <span class='ocrx_word' id='word_1_114' title='bbox 425 1403 475 1456; x_wconf 84' lang='lat' dir='ltr'>ego</span> <span class='ocrx_word' id='word_1_115' title='bbox 491 1385 594 1438; x_wconf 74' lang='lat' dir='ltr'>oholoi?</span> <span class='ocrx_word' id='word_1_116' title='bbox 626 1384 863 1452; x_wconf 80' lang='lat' dir='ltr'>nu1.4‚1o‚tu.</span> <span class='ocrx_word' id='word_1_117' title='bbox 1064 1395 1075 1415; x_wconf 55' lang='lat' dir='ltr'><em>f</em></span> 
     </span>
    </p>
   </div>
   <div class='ocr_carea' id='block_1_6' title="bbox 293 1474 1264 1644">
    <p class='ocr_par' dir='ltr' id='par_1_9' title="bbox 293 1474 1264 1644">
     <span class='ocr_line' id='line_1_14' title="bbox 327 1474 1264 1562; baseline 0 -19"><span class='ocrx_word' id='word_1_118' title='bbox 327 1490 439 1544; x_wconf 79' lang='lat' dir='ltr'>Terent</span> <span class='ocrx_word' id='word_1_119' title='bbox 454 1485 538 1541; x_wconf 79' lang='lat' dir='ltr'>Andr.</span> <span class='ocrx_word' id='word_1_120' title='bbox 551 1474 584 1553; x_wconf 74' lang='grc'>3,</span> <span class='ocrx_word' id='word_1_121' title='bbox 599 1485 688 1552; x_wconf 80' lang='lat' dir='ltr'>5,1o.</span> <span class='ocrx_word' id='word_1_122' title='bbox 706 1489 748 1542; x_wconf 79' lang='lat' dir='ltr'>liei</span> <span class='ocrx_word' id='word_1_123' title='bbox 764 1490 837 1542; x_wconf 80' lang='lat' dir='ltr'>milri·</span> <span class='ocrx_word' id='word_1_124' title='bbox 862 1508 908 1544; x_wconf 84' lang='lat' dir='ltr'>oar</span> <span class='ocrx_word' id='word_1_125' title='bbox 924 1508 978 1546; x_wconf 83' lang='lat' dir='ltr'>noa</span> <span class='ocrx_word' id='word_1_126' title='bbox 994 1490 1077 1546; x_wconf 79' lang='lat' dir='ltr'>linteo</span> <span class='ocrx_word' id='word_1_127' title='bbox 1091 1491 1221 1562; x_wconf 71' lang='lat' dir='ltr'>spatione,</span> <span class='ocrx_word' id='word_1_128' title='bbox 1236 1498 1264 1544; x_wconf 84' lang='lat' dir='ltr'>ut</span> 
     </span>
     <span class='ocr_line' id='line_1_15' title="bbox 293 1572 810 1644; baseline -0.01 -14"><span class='ocrx_word' id='word_1_129' title='bbox 293 1576 325 1630; x_wconf 79' lang='lat' dir='ltr'>de</span> <span class='ocrx_word' id='word_1_130' title='bbox 340 1582 367 1628; x_wconf 83' lang='lat' dir='ltr'>te</span> <span class='ocrx_word' id='word_1_131' title='bbox 381 1590 482 1628; x_wconf 77' lang='lat' dir='ltr'>monam</span> <span class='ocrx_word' id='word_1_132' title='bbox 496 1572 667 1644; x_wconf 81' lang='lat' dir='ltr'>supplicium,</span> <span class='ocrx_word' id='word_1_133' title='bbox 685 1580 716 1626; x_wconf 83' lang='lat' dir='ltr'>ut</span> <span class='ocrx_word' id='word_1_134' title='bbox 731 1573 810 1626; x_wconf 78' lang='lat' dir='ltr'>colo?</span> 
     </span>
    </p>
   </div>
   <div class='ocr_carea' id='block_1_7' title="bbox 222 1681 1260 1914">
    <p class='ocr_par' dir='ltr' id='par_1_10' title="bbox 222 1681 1260 1914">
     <span class='ocr_line' id='line_1_16' title="bbox 304 1681 1260 1771; baseline 0.004 -25"><span class='ocrx_word' id='word_1_135' title='bbox 304 1685 335 1750; x_wconf 81' lang='lat'>5.</span> <span class='ocrx_word' id='word_1_136' title='bbox 367 1683 459 1764; x_wconf 89' lang='lat' dir='ltr'>Quae</span> <span class='ocrx_word' id='word_1_137' title='bbox 487 1703 589 1768; x_wconf 89' lang='lat' dir='ltr'>quum</span> <span class='ocrx_word' id='word_1_138' title='bbox 612 1681 656 1746; x_wconf 88' lang='lat' dir='ltr'>ita</span> <span class='ocrx_word' id='word_1_139' title='bbox 683 1682 766 1760; x_wconf 88' lang='lat' dir='ltr'>sint,</span> <span class='ocrx_word' id='word_1_140' title='bbox 798 1702 875 1747; x_wconf 85' lang='lat' dir='ltr'>usus</span> <span class='ocrx_word' id='word_1_141' title='bbox 903 1682 1000 1748; x_wconf 89' lang='lat' dir='ltr'>huius</span> <span class='ocrx_word' id='word_1_142' title='bbox 1022 1685 1200 1771; x_wconf 75' lang='lat' dir='ltr'>particulae</span> <span class='ocrx_word' id='word_1_143' title='bbox 1224 1685 1260 1752; x_wconf 92' lang='lat' dir='ltr'>ad</span> 
     </span>
     <span class='ocr_line' id='line_1_17' title="bbox 222 1767 1259 1914; baseline 0.004 -79"><span class='ocrx_word' id='word_1_144' title='bbox 222 1767 388 1859; x_wconf 87' lang='lat' dir='ltr'>colloquio</span> <span class='ocrx_word' id='word_1_145' title='bbox 406 1769 550 1855; x_wconf 72' lang='lat' dir='ltr'><strong>pertinet</strong></span> <span class='ocrx_word' id='word_1_146' title='bbox 571 1767 718 1914; x_wconf 70' lang='lat' dir='ltr'>proprie.</span> <span class='ocrx_word' id='word_1_147' title='bbox 761 1768 879 1833; x_wconf 87' lang='lat' dir='ltr'>Poetae</span> <span class='ocrx_word' id='word_1_148' title='bbox 895 1768 1030 1856; x_wconf 83' lang='lat' dir='ltr'>elegiaci</span> <span class='ocrx_word' id='word_1_149' title='bbox 1044 1771 1166 1858; x_wconf 88' lang='lat' dir='ltr'>aliique</span> <span class='ocrx_word' id='word_1_150' title='bbox 1192 1775 1259 1840; x_wconf 85' lang='lat' dir='ltr'>for·</span> 
     </span>
    </p>
   </div>
   <div class='ocr_carea' id='block_1_8' title="bbox 119 1851 1258 1925">
    <p class='ocr_par' dir='ltr' id='par_1_11' title="bbox 119 1851 1258 1925">
     <span class='ocr_line' id='line_1_18' title="bbox 119 1851 1258 1925; baseline 0.007 -7"><span class='ocrx_word' id='word_1_151' title='bbox 119 1892 122 1897; x_wconf 95' lang='lat'>·</span> <span class='ocrx_word' id='word_1_152' title='bbox 221 1857 347 1921; x_wconf 90' lang='lat' dir='ltr'>mulam</span> <span class='ocrx_word' id='word_1_153' title='bbox 370 1854 427 1918; x_wconf 75' lang='lat' dir='ltr'>hei</span> <span class='ocrx_word' id='word_1_154' title='bbox 449 1853 535 1916; x_wconf 79' lang='lat' dir='ltr'>milri</span> <span class='ocrx_word' id='word_1_155' title='bbox 562 1851 638 1916; x_wconf 79' lang='lat' dir='ltr'>adiri</span> <span class='ocrx_word' id='word_1_156' title='bbox 664 1874 717 1916; x_wconf 83' lang='lat' dir='ltr'>ere</span> <span class='ocrx_word' id='word_1_157' title='bbox 741 1852 848 1916; x_wconf 88' lang='lat' dir='ltr'>solent</span> <span class='ocrx_word' id='word_1_158' title='bbox 872 1864 906 1918; x_wconf 90' lang='lat' dir='ltr'>et</span> <span class='ocrx_word' id='word_1_159' title='bbox 933 1855 1171 1923; x_wconf 85' lang='lat' dir='ltr'>adnotandum</span> <span class='ocrx_word' id='word_1_160' title='bbox 1193 1883 1258 1925; x_wconf 88' lang='lat' dir='ltr'>rern</span> 
     </span>
    </p>
   </div>
   <div class='ocr_carea' id='block_1_9' title="bbox 221 1937 1258 2114">
    <p class='ocr_par' dir='ltr' id='par_1_12' title="bbox 221 1937 1258 2114">
     <span class='ocr_line' id='line_1_19' title="bbox 221 1937 1258 2027; baseline 0.005 -20"><span class='ocrx_word' id='word_1_161' title='bbox 221 1940 418 2011; x_wconf 84' lang='lat' dir='ltr'>horribilem</span> <span class='ocrx_word' id='word_1_162' title='bbox 440 1938 490 2003; x_wconf 84' lang='lat' dir='ltr'>vel</span> <span class='ocrx_word' id='word_1_163' title='bbox 512 1938 650 2003; x_wconf 78' lang='lat' dir='ltr'>nimiam</span> <span class='ocrx_word' id='word_1_164' title='bbox 674 1948 706 2002; x_wconf 88' lang='lat' dir='ltr'>et</span> <span class='ocrx_word' id='word_1_165' title='bbox 728 1937 973 2018; x_wconf 78' lang='lat' dir='ltr'>admirandam,</span> <span class='ocrx_word' id='word_1_166' title='bbox 997 1952 1029 2005; x_wconf 88' lang='lat' dir='ltr'>et</span> <span class='ocrx_word' id='word_1_167' title='bbox 1042 1942 1077 2008; x_wconf 88' lang='lat' dir='ltr'>in</span> <span class='ocrx_word' id='word_1_168' title='bbox 1093 1948 1258 2027; x_wconf 79' lang='lat' dir='ltr'>sententio,</span> 
     </span>
     <span class='ocr_line' id='line_1_20' title="bbox 223 2024 1015 2114; baseline -0.006 -21"><span class='ocrx_word' id='word_1_169' title='bbox 223 2048 322 2114; x_wconf 87' lang='lat' dir='ltr'>quam</span> <span class='ocrx_word' id='word_1_170' title='bbox 338 2025 569 2113; x_wconf 83' lang='lat' dir='ltr'>pronuntiasse</span> <span class='ocrx_word' id='word_1_171' title='bbox 582 2025 765 2110; x_wconf 87' lang='lat' dir='ltr'>poeniteat,</span> <span class='ocrx_word' id='word_1_172' title='bbox 787 2024 1015 2090; x_wconf 57' lang='lat' dir='ltr'>removenda*</span> 
     </span>
    </p>
   </div>
   <div class='ocr_carea' id='block_1_10' title="bbox 236 2140 1261 2370">
    <p class='ocr_par' dir='ltr' id='par_1_13' title="bbox 236 2140 1261 2370">
     <span class='ocr_line' id='line_1_21' title="bbox 325 2140 1259 2213; baseline 0.001 -13"><span class='ocrx_word' id='word_1_173' title='bbox 325 2146 430 2201; x_wconf 86' lang='lat' dir='ltr'>Tibull.</span> <span class='ocrx_word' id='word_1_174' title='bbox 445 2145 472 2207; x_wconf 79' lang='lat'>2,</span> <span class='ocrx_word' id='word_1_175' title='bbox 488 2140 571 2208; x_wconf 70' lang='lat'>1,369.</span> <span class='ocrx_word' id='word_1_176' title='bbox 592 2143 645 2194; x_wconf 80' lang='lat' dir='ltr'>illic</span> <span class='ocrx_word' id='word_1_177' title='bbox 660 2144 759 2196; x_wconf 80' lang='lat' dir='ltr'>indocto</span> <span class='ocrx_word' id='word_1_178' title='bbox 770 2145 883 2213; x_wconf 75' lang='lat' dir='ltr'>primam</span> <span class='ocrx_word' id='word_1_179' title='bbox 898 2163 923 2198; x_wconf 83' lang='lat' dir='ltr'>se</span> <span class='ocrx_word' id='word_1_180' title='bbox 936 2147 1048 2201; x_wconf 76' lang='lat' dir='ltr'>exercuit</span> <span class='ocrx_word' id='word_1_181' title='bbox 1064 2166 1143 2202; x_wconf 70' lang='lat' dir='ltr'>orca.-</span> <span class='ocrx_word' id='word_1_182' title='bbox 1158 2149 1203 2203; x_wconf 78' lang='lat' dir='ltr'>lrei</span> <span class='ocrx_word' id='word_1_183' title='bbox 1216 2147 1259 2204; x_wconf 78' lang='lat' dir='ltr'>nri·</span> 
     </span>
     <span class='ocr_line' id='line_1_22' title="bbox 236 2229 1261 2300; baseline 0.001 -13"><span class='ocrx_word' id='word_1_184' title='bbox 236 2288 239 2293; x_wconf 77' lang='grc'>,</span> <span class='ocrx_word' id='word_1_185' title='bbox 286 2232 331 2295; x_wconf 76' lang='lat' dir='ltr'>hi,</span> <span class='ocrx_word' id='word_1_186' title='bbox 349 2248 427 2300; x_wconf 77' lang='lat' dir='ltr'>qaum</span> <span class='ocrx_word' id='word_1_187' title='bbox 446 2231 534 2283; x_wconf 82' lang='lat' dir='ltr'>doctos</span> <span class='ocrx_word' id='word_1_188' title='bbox 548 2229 764 2283; x_wconf 62' lang='lat' dir='ltr'>nunciaturus</span> <span class='ocrx_word' id='word_1_189' title='bbox 777 2247 876 2285; x_wconf 77' lang='lat' dir='ltr'>mooun.</span> <span class='ocrx_word' id='word_1_190' title='bbox 894 2231 965 2300; x_wconf 84' lang='lat' dir='ltr'>quod</span> <span class='ocrx_word' id='word_1_191' title='bbox 978 2231 1093 2296; x_wconf 55' lang='lat' dir='ltr'>‚Vossius</span> <span class='ocrx_word' id='word_1_192' title='bbox 1106 2233 1182 2287; x_wconf 86' lang='lat' dir='ltr'>male</span> <span class='ocrx_word' id='word_1_193' title='bbox 1202 2233 1261 2288; x_wconf 77' lang='lat' dir='ltr'>rel·</span> 
     </span>
     <span class='ocr_line' id='line_1_23' title="bbox 286 2316 418 2370; baseline 0.015 -2"><span class='ocrx_word' id='word_1_194' title='bbox 286 2316 328 2370; x_wconf 86' lang='lat' dir='ltr'>dit</span> <span class='ocrx_word' id='word_1_195' title='bbox 342 2317 418 2370; x_wconf 76' lang='lat' dir='ltr'>welto.</span> 
     </span>
    </p>
   </div>
   <div class='ocr_carea' id='block_1_11' title="bbox 167 2414 1281 3251">
    <p class='ocr_par' dir='ltr' id='par_1_14' title="bbox 218 2414 1281 3162">
     <span class='ocr_line' id='line_1_24' title="bbox 322 2414 1268 2488; baseline -0.004 -17"><span class='ocrx_word' id='word_1_196' title='bbox 322 2417 426 2478; x_wconf 85' lang='lat' dir='ltr'>Tibull.</span> <span class='ocrx_word' id='word_1_197' title='bbox 440 2416 467 2482; x_wconf 75' lang='grc' dir='ltr'>θ,</span> <span class='ocrx_word' id='word_1_198' title='bbox 482 2417 509 2481; x_wconf 84' lang='grc'>6,</span> <span class='ocrx_word' id='word_1_199' title='bbox 522 2415 565 2472; x_wconf 76' lang='grc'>33.</span> <span class='ocrx_word' id='word_1_200' title='bbox 591 2418 635 2471; x_wconf 80' lang='lat' dir='ltr'>tet</span> <span class='ocrx_word' id='word_1_201' title='bbox 650 2415 732 2484; x_wconf 70' lang='lat' dir='ltr'>mitt,</span> <span class='ocrx_word' id='word_1_202' title='bbox 749 2414 855 2487; x_wconf 81' lang='lat' dir='ltr'>difficile</span> <span class='ocrx_word' id='word_1_203' title='bbox 873 2422 910 2470; x_wconf 80' lang='lat' dir='ltr'>eet</span> <span class='ocrx_word' id='word_1_204' title='bbox 935 2416 1035 2473; x_wconf 78' lang='lat' dir='ltr'>imitari</span> <span class='ocrx_word' id='word_1_205' title='bbox 1058 2417 1163 2487; x_wconf 82' lang='lat' dir='ltr'>gandia</span> <span class='ocrx_word' id='word_1_206' title='bbox 1177 2420 1268 2488; x_wconf 78' lang='lat' dir='ltr'>falsu.</span> 
     </span>
     <span class='ocr_line' id='line_1_25' title="bbox 218 2495 1275 2574; baseline -0.006 -16"><span class='ocrx_word' id='word_1_207' title='bbox 218 2495 220 2499; x_wconf 15' lang='grc' dir='ltr'><em>Α</em></span> <span class='ocrx_word' id='word_1_208' title='bbox 286 2503 336 2558; x_wconf 82' lang='lat' dir='ltr'>ulti</span> <span class='ocrx_word' id='word_1_209' title='bbox 357 2502 473 2572; x_wconf 79' lang='lat' dir='ltr'>ineptius</span> <span class='ocrx_word' id='word_1_210' title='bbox 488 2501 597 2554; x_wconf 76' lang='lat' dir='ltr'>Vossius</span> <span class='ocrx_word' id='word_1_211' title='bbox 618 2504 689 2556; x_wconf 76' lang='lat' dir='ltr'>wele</span> <span class='ocrx_word' id='word_1_212' title='bbox 713 2502 773 2556; x_wconf 80' lang='lat' dir='ltr'>mir&#39;.</span> <span class='ocrx_word' id='word_1_213' title='bbox 808 2503 976 2555; x_wconf 80' lang='lat' dir='ltr'>Fciellorunt</span> <span class='ocrx_word' id='word_1_214' title='bbox 991 2518 1054 2554; x_wconf 86' lang='lat' dir='ltr'>enm</span> <span class='ocrx_word' id='word_1_215' title='bbox 1068 2504 1170 2568; x_wconf 83' lang='lat' dir='ltr'>verbo,</span> <span class='ocrx_word' id='word_1_216' title='bbox 1194 2517 1275 2574; x_wconf 75' lang='lat' dir='ltr'>quoe</span> 
     </span>
     <span class='ocr_line' id='line_1_26' title="bbox 287 2580 1278 2663; baseline -0.007 -19"><span class='ocrx_word' id='word_1_217' title='bbox 287 2594 435 2656; x_wconf 79' lang='lat' dir='ltr'>sequuntur</span> <span class='ocrx_word' id='word_1_218' title='bbox 464 2593 576 2655; x_wconf 65' lang='lat' dir='ltr'>posteat</span> <span class='ocrx_word' id='word_1_219' title='bbox 610 2589 671 2656; x_wconf 81' lang='lat' dir='ltr'>qnid</span> <span class='ocrx_word' id='word_1_220' title='bbox 691 2606 783 2658; x_wconf 75' lang='lat' dir='ltr'>queror</span> <span class='ocrx_word' id='word_1_221' title='bbox 804 2587 902 2654; x_wconf 73' lang='lat' dir='ltr'>infelix.</span> <span class='ocrx_word' id='word_1_222' title='bbox 944 2585 1021 2640; x_wconf 74' lang='lat' dir='ltr'>liihil</span> <span class='ocrx_word' id='word_1_223' title='bbox 1041 2582 1186 2640; x_wconf 77' lang='lat' dir='ltr'>absurdius</span> <span class='ocrx_word' id='word_1_224' title='bbox 1209 2580 1278 2663; x_wconf 77' lang='lat' dir='ltr'>dici</span> 
     </span>
     <span class='ocr_line' id='line_1_27' title="bbox 263 2672 1279 2743; baseline 0.002 -17"><span class='ocrx_word' id='word_1_225' title='bbox 263 2678 377 2743; x_wconf 73' lang='lat' dir='ltr'>‘posset</span> <span class='ocrx_word' id='word_1_226' title='bbox 391 2677 451 2739; x_wconf 85' lang='lat' dir='ltr'>post</span> <span class='ocrx_word' id='word_1_227' title='bbox 465 2673 550 2725; x_wconf 80' lang='lat' dir='ltr'>verbu</span> <span class='ocrx_word' id='word_1_228' title='bbox 576 2674 644 2725; x_wconf 85' lang='lat' dir='ltr'>uenit</span> <span class='ocrx_word' id='word_1_229' title='bbox 663 2680 721 2741; x_wconf 82' lang='lat' dir='ltr'>post</span> <span class='ocrx_word' id='word_1_230' title='bbox 741 2672 838 2724; x_wconf 81' lang='lat' dir='ltr'>multos</span> <span class='ocrx_word' id='word_1_231' title='bbox 860 2687 911 2731; x_wconf 78' lang='lat' dir='ltr'>uno</span> <span class='ocrx_word' id='word_1_232' title='bbox 933 2687 1025 2724; x_wconf 82' lang='lat' dir='ltr'>sereno</span> <span class='ocrx_word' id='word_1_233' title='bbox 1045 2673 1108 2725; x_wconf 77' lang='lat' dir='ltr'>dier.</span> <span class='ocrx_word' id='word_1_234' title='bbox 1141 2673 1205 2726; x_wconf 84' lang='lat' dir='ltr'>Non</span> <span class='ocrx_word' id='word_1_235' title='bbox 1223 2675 1279 2729; x_wconf 61' lang='lat' dir='ltr'>lu‘</span> 
     </span>
     <span class='ocr_line' id='line_1_28' title="bbox 286 2755 1279 2823; baseline -0.001 -13"><span class='ocrx_word' id='word_1_236' title='bbox 286 2762 424 2810; x_wconf 85' lang='lat' dir='ltr'>mentutnr</span> <span class='ocrx_word' id='word_1_237' title='bbox 444 2755 515 2808; x_wconf 90' lang='lat' dir='ltr'>enim</span> <span class='ocrx_word' id='word_1_238' title='bbox 531 2761 625 2823; x_wconf 79' lang='lat' dir='ltr'>poeta,</span> <span class='ocrx_word' id='word_1_239' title='bbox 644 2755 692 2807; x_wconf 80' lang='lat' dir='ltr'>sed</span> <span class='ocrx_word' id='word_1_240' title='bbox 716 2755 775 2820; x_wconf 86' lang='lat' dir='ltr'>ipse</span> <span class='ocrx_word' id='word_1_241' title='bbox 797 2755 914 2807; x_wconf 86' lang='lat' dir='ltr'>miratur</span> <span class='ocrx_word' id='word_1_242' title='bbox 927 2773 958 2806; x_wconf 83' lang='lat' dir='ltr'>so</span> <span class='ocrx_word' id='word_1_243' title='bbox 981 2756 1122 2822; x_wconf 85' lang='lat' dir='ltr'>loquuturn</span> <span class='ocrx_word' id='word_1_244' title='bbox 1145 2775 1207 2810; x_wconf 87' lang='lat' dir='ltr'>esse</span> <span class='ocrx_word' id='word_1_245' title='bbox 1229 2756 1279 2811; x_wconf 68' lang='lat' dir='ltr'>tle</span> 
     </span>
     <span class='ocr_line' id='line_1_29' title="bbox 286 2837 1280 2908; baseline 0 -15"><span class='ocrx_word' id='word_1_246' title='bbox 286 2840 394 2893; x_wconf 81' lang='lat' dir='ltr'>laetitia</span> <span class='ocrx_word' id='word_1_247' title='bbox 415 2859 472 2895; x_wconf 83' lang='lat' dir='ltr'>suu.</span> <span class='ocrx_word' id='word_1_248' title='bbox 514 2840 589 2894; x_wconf 81' lang='lat' dir='ltr'>Dicit</span> <span class='ocrx_word' id='word_1_249' title='bbox 611 2839 684 2891; x_wconf 86' lang='lat' dir='ltr'>enim</span> <span class='ocrx_word' id='word_1_250' title='bbox 702 2837 762 2890; x_wconf 82' lang='lat' dir='ltr'>sibi</span> <span class='ocrx_word' id='word_1_251' title='bbox 789 2839 868 2906; x_wconf 81' lang='lat' dir='ltr'>qnasi</span> <span class='ocrx_word' id='word_1_252' title='bbox 890 2856 1060 2908; x_wconf 80' lang='lat' dir='ltr'>repugnans:</span> <span class='ocrx_word' id='word_1_253' title='bbox 1090 2839 1154 2907; x_wconf 85' lang='lat' dir='ltr'>quid</span> <span class='ocrx_word' id='word_1_254' title='bbox 1174 2837 1280 2896; x_wconf 55' lang='lat' dir='ltr'>dieu?</span> 
     </span>
     <span class='ocr_line' id='line_1_30' title="bbox 285 2921 1281 2992; baseline 0.005 -16"><span class='ocrx_word' id='word_1_255' title='bbox 285 2941 368 2992; x_wconf 85' lang='lat' dir='ltr'>quum</span> <span class='ocrx_word' id='word_1_256' title='bbox 388 2941 462 2978; x_wconf 83' lang='lat' dir='ltr'>vanu</span> <span class='ocrx_word' id='word_1_257' title='bbox 486 2931 526 2978; x_wconf 86' lang='lat' dir='ltr'>est</span> <span class='ocrx_word' id='word_1_258' title='bbox 547 2923 660 2976; x_wconf 83' lang='lat' dir='ltr'>laetitio.</span> <span class='ocrx_word' id='word_1_259' title='bbox 694 2921 819 2981; x_wconf 81' lang='lat' dir='ltr'>Indicant</span> <span class='ocrx_word' id='word_1_260' title='bbox 843 2922 929 2991; x_wconf 83' lang='lat' dir='ltr'>igitur</span> <span class='ocrx_word' id='word_1_261' title='bbox 951 2925 1037 2977; x_wconf 84' lang='lat' dir='ltr'>verba</span> <span class='ocrx_word' id='word_1_262' title='bbox 1058 2926 1100 2976; x_wconf 75' lang='lat' dir='ltr'>liei</span> <span class='ocrx_word' id='word_1_263' title='bbox 1121 2927 1188 2978; x_wconf 76' lang='lat' dir='ltr'>mitt</span> <span class='ocrx_word' id='word_1_264' title='bbox 1210 2942 1281 2980; x_wconf 73' lang='lat' dir='ltr'>non</span> 
     </span>
     <span class='ocr_line' id='line_1_31' title="bbox 281 3007 1273 3076; baseline 0.003 -16"><span class='ocrx_word' id='word_1_265' title='bbox 281 3008 421 3074; x_wconf 85' lang='lat' dir='ltr'>dolorem,</span> <span class='ocrx_word' id='word_1_266' title='bbox 446 3010 493 3062; x_wconf 81' lang='lat' dir='ltr'>sed</span> <span class='ocrx_word' id='word_1_267' title='bbox 515 3009 615 3061; x_wconf 81' lang='lat' dir='ltr'>miram</span> <span class='ocrx_word' id='word_1_268' title='bbox 637 3007 815 3073; x_wconf 81' lang='lat' dir='ltr'>seutentiam,</span> <span class='ocrx_word' id='word_1_269' title='bbox 842 3025 912 3076; x_wconf 85' lang='lat' dir='ltr'>quae</span> <span class='ocrx_word' id='word_1_270' title='bbox 937 3007 1030 3075; x_wconf 85' lang='lat' dir='ltr'>inepta</span> <span class='ocrx_word' id='word_1_271' title='bbox 1060 3007 1273 3076; x_wconf 74' lang='lat' dir='ltr'>vitertposstr.</span> 
     </span>
     <span class='ocr_line' id='line_1_32' title="bbox 283 3090 1274 3162; baseline 0.003 -17"><span class='ocrx_word' id='word_1_272' title='bbox 283 3092 368 3146; x_wconf 83' lang='lat' dir='ltr'>Statii</span> <span class='ocrx_word' id='word_1_273' title='bbox 382 3093 451 3146; x_wconf 86' lang='lat' dir='ltr'>Silv.</span> <span class='ocrx_word' id='word_1_274' title='bbox 470 3092 496 3158; x_wconf 82' lang='lat'>5,</span> <span class='ocrx_word' id='word_1_275' title='bbox 511 3093 537 3159; x_wconf 77' lang='lat'>3,</span> <span class='ocrx_word' id='word_1_276' title='bbox 550 3090 610 3145; x_wconf 71' lang='lat'>225.</span> <span class='ocrx_word' id='word_1_277' title='bbox 634 3093 675 3144; x_wconf 77' lang='lat' dir='ltr'>tet</span> <span class='ocrx_word' id='word_1_278' title='bbox 696 3092 762 3144; x_wconf 77' lang='lat' dir='ltr'>milii</span> <span class='ocrx_word' id='word_1_279' title='bbox 780 3095 847 3162; x_wconf 80' lang='lat' dir='ltr'>quod</span> <span class='ocrx_word' id='word_1_280' title='bbox 860 3100 961 3147; x_wconf 74' lang='lat' dir='ltr'>tanton</span> <span class='ocrx_word' id='word_1_281' title='bbox 981 3093 1087 3161; x_wconf 78' lang='lat' dir='ltr'>patrius</span> <span class='ocrx_word' id='word_1_282' title='bbox 1100 3110 1151 3162; x_wconf 80' lang='lat' dir='ltr'>ego</span> <span class='ocrx_word' id='word_1_283' title='bbox 1167 3096 1274 3150; x_wconf 69' lang='lat' dir='ltr'>omna</span> 
     </span>
    </p>

    <p class='ocr_par' dir='ltr' id='par_1_15' title="bbox 167 3174 691 3251">
     <span class='ocr_line' id='line_1_33' title="bbox 167 3174 691 3251; baseline 0 -23"><span class='ocrx_word' id='word_1_284' title='bbox 167 3246 170 3251; x_wconf 27' lang='lat'>¹</span> <span class='ocrx_word' id='word_1_285' title='bbox 277 3174 385 3245; x_wconf 74' lang='lat' dir='ltr'>frondes</span> <span class='ocrx_word' id='word_1_286' title='bbox 401 3197 435 3229; x_wconf 85' lang='lat' dir='ltr'>-r-</span> <span class='ocrx_word' id='word_1_287' title='bbox 451 3183 476 3230; x_wconf 85' lang='lat' dir='ltr'>te</span> <span class='ocrx_word' id='word_1_288' title='bbox 490 3179 537 3229; x_wconf 80' lang='lat' dir='ltr'>aab</span> <span class='ocrx_word' id='word_1_289' title='bbox 554 3183 617 3230; x_wconf 80' lang='lat' dir='ltr'>tecte</span> <span class='ocrx_word' id='word_1_290' title='bbox 633 3175 691 3229; x_wconf 83' lang='lat' dir='ltr'>tuli.</span> 
     </span>
    </p>
   </div>
   <div class='ocr_carea' id='block_1_12' title="bbox 156 3284 1260 4129">
    <p class='ocr_par' dir='ltr' id='par_1_16' title="bbox 156 3284 1260 3797">
     <span class='ocr_line' id='line_1_34' title="bbox 300 3284 1260 3372; baseline 0.004 -24"><span class='ocrx_word' id='word_1_291' title='bbox 300 3289 329 3348; x_wconf 88' lang='lat'>6.</span> <span class='ocrx_word' id='word_1_292' title='bbox 351 3285 418 3349; x_wconf 88' lang='lat' dir='ltr'>lam</span> <span class='ocrx_word' id='word_1_293' title='bbox 440 3284 480 3350; x_wconf 88' lang='lat' dir='ltr'>de</span> <span class='ocrx_word' id='word_1_294' title='bbox 494 3285 746 3350; x_wconf 87' lang='lat' dir='ltr'>constructione.</span> <span class='ocrx_word' id='word_1_295' title='bbox 790 3285 841 3348; x_wconf 68' lang='lat' dir='ltr'>En</span> <span class='ocrx_word' id='word_1_296' title='bbox 856 3284 958 3349; x_wconf 82' lang='lat' dir='ltr'>allatis</span> <span class='ocrx_word' id='word_1_297' title='bbox 975 3284 1135 3372; x_wconf 88' lang='lat' dir='ltr'>exemplis</span> <span class='ocrx_word' id='word_1_298' title='bbox 1157 3285 1260 3352; x_wconf 83' lang='lat' dir='ltr'>intel-</span> 
     </span>
     <span class='ocr_line' id='line_1_35' title="bbox 215 3367 1258 3458; baseline 0.004 -25"><span class='ocrx_word' id='word_1_299' title='bbox 215 3367 345 3455; x_wconf 84' lang='lat' dir='ltr'>ligitur,</span> <span class='ocrx_word' id='word_1_300' title='bbox 367 3370 565 3435; x_wconf 86' lang='lat' dir='ltr'>vocabulum</span> <span class='ocrx_word' id='word_1_301' title='bbox 583 3370 639 3435; x_wconf 76' lang='lat' dir='ltr'>tet</span> <span class='ocrx_word' id='word_1_302' title='bbox 662 3382 718 3435; x_wconf 88' lang='lat' dir='ltr'>aut</span> <span class='ocrx_word' id='word_1_303' title='bbox 733 3370 875 3457; x_wconf 82' lang='lat' dir='ltr'>simplex</span> <span class='ocrx_word' id='word_1_304' title='bbox 892 3372 989 3458; x_wconf 88' lang='lat' dir='ltr'>poni,</span> <span class='ocrx_word' id='word_1_305' title='bbox 1012 3381 1068 3433; x_wconf 87' lang='lat' dir='ltr'>aut</span> <span class='ocrx_word' id='word_1_306' title='bbox 1089 3392 1258 3436; x_wconf 84' lang='lat' dir='ltr'>annexum</span> 
     </span>
     <span class='ocr_line' id='line_1_36' title="bbox 215 3454 1258 3542; baseline 0.004 -24"><span class='ocrx_word' id='word_1_307' title='bbox 215 3454 455 3530; x_wconf 67' lang='lat' dir='ltr'>haberemini,</span> <span class='ocrx_word' id='word_1_308' title='bbox 480 3456 555 3519; x_wconf 87' lang='lat' dir='ltr'>etsi</span> <span class='ocrx_word' id='word_1_309' title='bbox 578 3457 709 3542; x_wconf 83' lang='lat' dir='ltr'>gravior</span> <span class='ocrx_word' id='word_1_310' title='bbox 734 3466 781 3519; x_wconf 89' lang='lat' dir='ltr'>est</span> <span class='ocrx_word' id='word_1_311' title='bbox 802 3456 902 3519; x_wconf 86' lang='lat' dir='ltr'>animi</span> <span class='ocrx_word' id='word_1_312' title='bbox 925 3457 1165 3536; x_wconf 82' lang='lat' dir='ltr'>consternatio,</span> <span class='ocrx_word' id='word_1_313' title='bbox 1188 3458 1258 3523; x_wconf 82' lang='lat' dir='ltr'>mi-</span> 
     </span>
     <span class='ocr_line' id='line_1_37' title="bbox 215 3539 1258 3626; baseline 0.005 -24"><span class='ocrx_word' id='word_1_314' title='bbox 215 3560 289 3604; x_wconf 82' lang='lat' dir='ltr'>sero</span> <span class='ocrx_word' id='word_1_315' title='bbox 314 3541 407 3605; x_wconf 76' lang='lat' dir='ltr'>milii.</span> <span class='ocrx_word' id='word_1_316' title='bbox 458 3539 547 3620; x_wconf 82' lang='lat' dir='ltr'>Quid</span> <span class='ocrx_word' id='word_1_317' title='bbox 570 3544 603 3604; x_wconf 89' lang='lat' dir='ltr'>in</span> <span class='ocrx_word' id='word_1_318' title='bbox 625 3541 677 3605; x_wconf 85' lang='lat' dir='ltr'>his</span> <span class='ocrx_word' id='word_1_319' title='bbox 698 3541 875 3626; x_wconf 82' lang='lat' dir='ltr'>intelligas,</span> <span class='ocrx_word' id='word_1_320' title='bbox 902 3542 958 3604; x_wconf 83' lang='lat' dir='ltr'>vix</span> <span class='ocrx_word' id='word_1_321' title='bbox 980 3562 1048 3604; x_wconf 90' lang='lat' dir='ltr'>uno</span> <span class='ocrx_word' id='word_1_322' title='bbox 1072 3541 1174 3605; x_wconf 82' lang='lat' dir='ltr'>verbo</span> <span class='ocrx_word' id='word_1_323' title='bbox 1200 3542 1258 3607; x_wconf 93' lang='lat' dir='ltr'>de-</span> 
     </span>
     <span class='ocr_line' id='line_1_38' title="bbox 215 3625 1257 3725; baseline 0.006 -37"><span class='ocrx_word' id='word_1_324' title='bbox 215 3625 389 3712; x_wconf 61' lang='lat' dir='ltr'>signabis„</span> <span class='ocrx_word' id='word_1_325' title='bbox 413 3626 497 3690; x_wconf 86' lang='lat' dir='ltr'>(lum</span> <span class='ocrx_word' id='word_1_326' title='bbox 515 3628 695 3690; x_wconf 85' lang='lat' dir='ltr'>accusativo</span> <span class='ocrx_word' id='word_1_327' title='bbox 714 3628 871 3725; x_wconf 88' lang='lat' dir='ltr'>componi</span> <span class='ocrx_word' id='word_1_328' title='bbox 886 3649 983 3711; x_wconf 90' lang='lat' dir='ltr'>posse</span> <span class='ocrx_word' id='word_1_329' title='bbox 995 3627 1051 3691; x_wconf 75' lang='lat' dir='ltr'>tet</span> <span class='ocrx_word' id='word_1_330' title='bbox 1067 3627 1123 3713; x_wconf 91' lang='lat' dir='ltr'>qui</span> <span class='ocrx_word' id='word_1_331' title='bbox 1140 3627 1257 3717; x_wconf 73' lang='lat' dir='ltr'>existi-</span> 
     </span>
     <span class='ocr_line' id='line_1_39' title="bbox 156 3710 1206 3797; baseline -0.004 -21"><span class='ocrx_word' id='word_1_332' title='bbox 156 3711 158 3715; x_wconf 71' lang='grc'>’</span> <span class='ocrx_word' id='word_1_333' title='bbox 214 3721 364 3789; x_wconf 83' lang='lat' dir='ltr'>morunt,</span> <span class='ocrx_word' id='word_1_334' title='bbox 389 3733 538 3796; x_wconf 85' lang='lat' dir='ltr'>perversa</span> <span class='ocrx_word' id='word_1_335' title='bbox 557 3712 712 3797; x_wconf 89' lang='lat' dir='ltr'>opinione</span> <span class='ocrx_word' id='word_1_336' title='bbox 728 3710 800 3775; x_wconf 81' lang='lat' dir='ltr'>falsi</span> <span class='ocrx_word' id='word_1_337' title='bbox 817 3722 904 3775; x_wconf 85' lang='lat' dir='ltr'>sunt.</span> <span class='ocrx_word' id='word_1_338' title='bbox 1201 3710 1206 3717; x_wconf 82' lang='grc'><em>’</em></span> 
     </span>
    </p>

    <p class='ocr_par' dir='ltr' id='par_1_17' title="bbox 211 3795 1257 4129">
     <span class='ocr_line' id='line_1_40' title="bbox 299 3795 1256 3882; baseline 0.003 -22"><span class='ocrx_word' id='word_1_339' title='bbox 299 3797 452 3861; x_wconf 87' lang='lat' dir='ltr'>Ceterum</span> <span class='ocrx_word' id='word_1_340' title='bbox 477 3796 649 3860; x_wconf 85' lang='lat' dir='ltr'>Terentius</span> <span class='ocrx_word' id='word_1_341' title='bbox 673 3807 803 3880; x_wconf 84' lang='lat' dir='ltr'>praeter</span> <span class='ocrx_word' id='word_1_342' title='bbox 825 3806 965 3882; x_wconf 86' lang='lat' dir='ltr'>quatuor</span> <span class='ocrx_word' id='word_1_343' title='bbox 984 3795 1076 3861; x_wconf 89' lang='lat' dir='ltr'>locos</span> <span class='ocrx_word' id='word_1_344' title='bbox 1097 3797 1202 3862; x_wconf 84' lang='lat' dir='ltr'>Andr.</span> <span class='ocrx_word' id='word_1_345' title='bbox 1227 3804 1256 3876; x_wconf 87' lang='lat'>1,</span> 
     </span>
     <span class='ocr_line' id='line_1_41' title="bbox 215 3880 1257 3982; baseline 0.003 -38"><span class='ocrx_word' id='word_1_346' title='bbox 215 3884 253 3960; x_wconf 92' lang='lat'>1,</span> <span class='ocrx_word' id='word_1_347' title='bbox 271 3882 325 3945; x_wconf 86' lang='grc'>46.</span> <span class='ocrx_word' id='word_1_348' title='bbox 353 3881 567 3962; x_wconf 80' lang='lat' dir='ltr'>Ad.5‚3,3.</span> <span class='ocrx_word' id='word_1_349' title='bbox 596 3880 733 3944; x_wconf 79' lang='lat' dir='ltr'>Phorm‚</span> <span class='ocrx_word' id='word_1_350' title='bbox 756 3887 793 3962; x_wconf 92' lang='lat'>1,</span> <span class='ocrx_word' id='word_1_351' title='bbox 811 3887 917 3962; x_wconf 76' lang='lat'>5,23.</span> <span class='ocrx_word' id='word_1_352' title='bbox 942 3885 979 3964; x_wconf 84' lang='lat'>5,</span> <span class='ocrx_word' id='word_1_353' title='bbox 1000 3882 1105 3960; x_wconf 75' lang='lat' dir='ltr'>3‚1t.</span> <span class='ocrx_word' id='word_1_354' title='bbox 1124 3894 1257 3982; x_wconf 82' lang='lat' dir='ltr'>semper</span> 
     </span>
     <span class='ocr_line' id='line_1_42' title="bbox 211 3966 1255 4052; baseline 0.004 -21"><span class='ocrx_word' id='word_1_355' title='bbox 211 3966 473 4031; x_wconf 88' lang='lat' dir='ltr'>interiectionem</span> <span class='ocrx_word' id='word_1_356' title='bbox 488 3967 600 4052; x_wconf 89' lang='lat' dir='ltr'>posuit</span> <span class='ocrx_word' id='word_1_357' title='bbox 616 3966 650 4028; x_wconf 90' lang='lat' dir='ltr'>in</span> <span class='ocrx_word' id='word_1_358' title='bbox 666 3975 815 4046; x_wconf 73' lang='lat' dir='ltr'>extremo</span> <span class='ocrx_word' id='word_1_359' title='bbox 833 3988 937 4034; x_wconf 82' lang='lat' dir='ltr'>versu.</span> <span class='ocrx_word' id='word_1_360' title='bbox 981 3966 1081 4047; x_wconf 89' lang='lat' dir='ltr'>Quod</span> <span class='ocrx_word' id='word_1_361' title='bbox 1098 3989 1168 4034; x_wconf 88' lang='lat' dir='ltr'>non</span> <span class='ocrx_word' id='word_1_362' title='bbox 1183 3992 1255 4035; x_wconf 83' lang='lat' dir='ltr'>arne</span> 
     </span>
     <span class='ocr_line' id='line_1_43' title="bbox 212 4047 715 4129; baseline 0 -15"><span class='ocrx_word' id='word_1_363' title='bbox 212 4071 324 4116; x_wconf 84' lang='lat' dir='ltr'>caussa</span> <span class='ocrx_word' id='word_1_364' title='bbox 341 4047 465 4117; x_wconf 83' lang='lat' dir='ltr'>fectum</span> <span class='ocrx_word' id='word_1_365' title='bbox 485 4073 555 4117; x_wconf 87' lang='lat' dir='ltr'>esse</span> <span class='ocrx_word' id='word_1_366' title='bbox 570 4050 715 4129; x_wconf 22' lang='lat' dir='ltr'>videtur..</span> 
     </span>
    </p>
   </div>
   <div class='ocr_carea' id='block_1_13' title="bbox 0 0 1320 4770">
    <p class='ocr_par' dir='ltr' id='par_1_18' title="bbox 0 0 1320 4770">
     <span class='ocr_line' id='line_1_44' title="bbox 0 0 1320 4770; baseline 0 0"><span class='ocrx_word' id='word_1_367' title='bbox 0 0 1320 4770; x_wconf 95' lang='lat' dir='ltr'> </span> 
     </span>
    </p>
   </div>
  </div>
 </body>
</html>
