2632 4770
490 250 680 347 anxrara.
785 314 789 357 3
982 203 985 208 ’
1050 264 1114 329 aas

67 403 286 491 parationem.
336 403 419 469 Item
445 414 579 485 conus,
601 425 707 552 paam
730 405 918 475 desumma
939 433 975 475 ra
994 410 1108 499 loqui·

65 511 161 569 mur,
184 487 395 574 intelligimus
414 492 510 552 ctiam
536 493 597 553 c'on
624 491 760 555 itionem
784 492 834 558 vel
854 497 1040 581 qualitatem
1063 497 1107 561 ita
1132 534 1135 539 ·

67 575 260 653 adauctam,
284 585 317 637 ut
343 574 626 661 comparationem
644 577 799 657 excedat,
822 591 854 642 et
876 582 1024 645 maxime
1048 581 1107 645 ab·

65 659 172 723 solute
187 659 326 739 dicatur..
363 661 421 724 Est
437 659 536 742 igitur
555 668 746 747 tantopere,
771 675 973 752 quantopere
996 667 1031 729 in
1050 689 1105 730 re-

71 754 282 893 rum(patplro
305 743 376 809 fieri
395 753 521 832 potest:
547 742 637 828 quod
664 747 742 812 alias
764 770 910 831 eamme,
932 751 986 814 im'
1001 744 1106 814 suct-

61 841 135 894 steo
182 851 223 893 ra
252 852 281 892 e.

161 948 253 1002 Plant.
267 936 341 998 Mea.
357 943 384 1008 4,
397 944 425 1008 2,
440 944 466 996 1.
490 952 520 997 nt
536 945 585 998 isac
600 946 702 998 utimar
723 960 840 1005 maaume
855 970 924 1007 mae
938 971 1009 1006 moro
1025 955 1103 1007 mole-

129 1042 216 1100 stoque
232 1032 350 1083 maltam.
366 1029 383 1083 i.
402 1046 426 1080 e.
443 1030 660 1099 atagawatattct
671 1031 706 1084 s'et
721 1033 785 1086 doch
800 1037 841 1089 die
854 1039 890 1091 ira
905 1039 1024 1091 hdckaten
1031 1039 1103 1090 Gra-

126 1120 157 1171 de
174 1116 288 1184 ttdrigte
308 1114 382 1166 stare.

142 1252 172 1314 9.
197 1246 297 1313 Sicuti
322 1245 391 1312 aliis
411 1248 636 1335 superlativis,
656 1248 758 1336 etiam
778 1245 855 1313 huic
877 1250 1015 1318 affertur
1060 1256 1116 1335 o·=·J

59 1334 182 1409 tantior
211 1335 258 1398 vis
286 1344 318 1399 et
372 1355 407 1397 er
427 1334 594 1423 ,vocabula
625 1355 730 1417 araus,
760 1278 1100 1418 ‘omataa”;”nt“aitass

61 1412 291 1505 qvffir'u'r'ff‘ii'd‘d
317 1429 349 1482 ta
374 1412 588 1483 taran‘ffimici
615 1430 770 1495 utuntur,
798 1431 831 1484 et
860 1442 919 1507 per
941 1421 1100 1490 adiectam

58 1504 254 1652 particulam
280 1504 331 1569 ael
343 1514 375 1568 et
392 1525 451 1590 per
469 1504 621 1569 voculam
641 1526 760 1590 qaam,
781 1505 871 1569 cuius
888 1508 973 1570 ratio
990 1512 1101 1573 omni-

84 1611 119 1653 us
137 1600 215 1654 nota
232 1599 290 1654 est.
332 1589 464 1677 Spectat
481 1591 570 1654 enim
586 1589 626 1651 ad
645 1590 804 1653 omissam
827 1591 966 1659 verbum
976 1589 1099 1690 potest,

60 1676 149 1760 quod
169 1697 264 1762 saepe
280 1696 349 1738 non
367 1674 552 1756 omittitur,
573 1673 624 1738 vel
647 1674 687 1738 ad
709 1673 795 1740 aliud
818 1678 858 1739 e'x
874 1677 1099 1762 superioribus

57 1760 324 1845 intelligendum:
348 1759 405 1823 sed
422 1757 596 1823 insinuavit
612 1782 646 1822 se
663 1759 740 1823 haec
756 1759 901 1824 formula
923 1761 965 1824 ita
988 1762 1023 1825 in
1044 1761 1098 1828 fa·

59 1845 216 1909 miliarem
237 1865 349 1920 usum,
370 1854 525 1925 utquam
547 1845 696 1908 maxime
712 1866 769 1930 per
791 1867 824 1908 se
839 1855 990 1908 constare
1006 1847 1098 1911 vide-

55 1941 158 1994 retur.
202 1931 254 1993 Sic
271 1931 387 1994 Graeci
404 1927 446 2004 οἷς
470 1928 603 2010 μάλιστα.
646 1928 827 2016 Herzogius
851 1931 888 1993 ad
908 1932 1000 1994 Caes.
1016 1931 1097 1999 Bell.

55 2014 132 2098 gall.
160 2022 187 2094 1,
213 2019 265 2078 81.
301 2013 488 2093 contendit,
508 2034 690 2100 numquam
712 2015 751 2095 ad
777 2014 864 2079 aliud
889 2016 1097 2100 vocabulum,

56 2101 118 2163 nisi
134 2101 173 2163 ad
192 2100 327 2164 verbum
344 2098 458 2164 referri
478 2099 543 2162 hoc
559 2120 659 2187 quam
677 2101 843 2178 maxime,
866 2100 955 2184 quod
977 2103 1097 2167 mode·
1117 2177 1120 2183 ¹
1229 2136 1232 2141 1

54 2195 146 2248 retur
162 2185 331 2247 iudicium.
376 2187 416 2247 At
441 2185 539 2247 etiam
562 2184 726 2255 adiectivis
747 2195 777 2248 et:
799 2185 956 2250 adverbiis
977 2188 1096 2252 adiun-

56 2270 162 2352 gitur,
183 2280 219 2330 ut
235 2288 383 2330 summus
400 2269 561 2351 qualitatis
576 2267 694 2354 gradus
710 2268 918 2354 inteiligatur.
957 2269 996 2333 In
1015 2273 1096 2338 Cae-

56 2355 136 2417 saris
162 2353 236 2414 ioco
263 2351 421 2414 sententia
446 2372 505 2434 nos
530 2351 618 2414 iubet
639 2351 679 2413 ad
704 2351 842 2413 verbur'r'r
863 2353 1005 2437 referre,
1026 2380 1095 2423 non

57 2439 128 2525 ipsa
145 2436 311 2502 vocabula.
332 2436 381 2500 De
395 2435 498 2500 verbis
513 2437 662 2499 maxime
672 2433 858 2517 admodum
873 2439 1054 2505 vide'l'om.
1065 2450 1094 2507 1.

52 2547 87 2610 p.
107 2529 177 2587 171.

158 2641 232 2694 curt.
248 2641 273 2708 5,
287 2641 314 2704 2,
330 2640 356 2695 5.
376 2643 467 2712 qni-
480 2638 607 2711 proelium
624 2656 690 2690 anua
710 2635 819 2690 marimo
834 2638 992 2693 accenderat.
1027 2640 1094 2694 cor-

121 2726 175 2777 nel.
197 2725 267 2779 Mitt.
283 2726 355 2792 1,1.
383 2745 460 2794 qaam
485 2752 520 2766 -
542 2743 590 2776 aaa
615 2725 738 2775 modestia
760 2739 827 2774 naas
848 2723 961 2775 amotam
982 2726 1094 2779 maxime

113 2813 229 2878 stataet.
262 2808 311 2863 ubi
331 2804 466 2863 Bredaius.
501 2806 568 2861 Vide
590 2806 797 2863 Drakenborch.
823 2805 858 2857 ad
877 2805 994 2873 nivet,
1008 2807 1051 2872 19,
1065 2808 1092 2863 4.

119 2891 146 2958 4,
164 2891 206 2959 59,
222 2894 266 2946 11.
289 2895 334 2962 23,
346 2894 389 2957 49,
404 2892 447 2947 la.
608 2908 611 2914 ·

149 2996 260 3051 Terent.
275 2998 343 3051 Hec.
360 2997 386 3062 1,
404 2997 431 3061 2,
445 2993 488 3051 85.
511 3003 586 3064 atque
607 3011 640 3046 ea
662 3009 703 3045 res
723 2992 805 3044 multo
827 3008 944 3045 manaae
967 2992 1093 3047 disianait

118 3082 192 3134 tuam
209 3083 241 3135 ab
256 3083 313 3135 itta.
342 3080 460 3147 Sallust.
475 3080 535 3133 eat
548 3077 592 3144 36,
606 3075 632 3128 4.
649 3070 786 3146 tapetium
799 3077 888 3147 populi
899 3078 998 3129 romani
1011 3079 1094 3133 muita

116 3167 226 3218 maxime
239 3165 382 3218 miserabile
397 3167 480 3219 visam
495 3168 538 3216 est.

154 3264 212 3317 cta.
229 3264 262 3315 de
281 3264 344 3319 Nat.
358 3264 383 3320 d.
399 3265 426 3331 2,
441 3263 485 3328 65,
502 3263 561 3316 162.
578 3262 716 3315 attactam
730 3288 765 3303 -
778 3260 844 3314 atti
859 3263 960 3315 attam
973 3264 1012 3316 oet
1034 3280 1092 3317 aaa-

112 3349 181 3402 sime
196 3349 365 3414 confirmare,
385 3352 491 3403 deamat
509 3346 674 3417 procidentia
693 3346 789 3398 consult
805 3348 878 3398 retas
894 3347 1022 3400 hamanis.
1056 3349 1091 3402 de

119 3431 197 3485 Orat.
213 3431 239 3493 1,
256 3429 282 3496 Β,
297 3432 339 3484 32.
355 3435 402 3485 tace
415 3435 482 3485 οπίπι
498 3449 550 3485 aaa
563 3438 723 3499 praestamus
737 3430 777 3484 ael
790 3431 901 3483 maxime
912 3428 985 3498 'feria
1017 3431 1108 3485 Par--

116 3517 160 3570 tit.
177 3519 247 3567 orat.
261 3513 304 3580 33,
321 3515 380 3567 114.
398 3533 461 3583 quae
485 3515 587 3583 quidem
606 3514 645 3564 cel
666 3514 774 3565 maxime
793 3513 961 3582 suspicionem
980 3523 1090 3573 movent.

120 3603 211 3668 Quam
232 3596 399 3652 reconditam
421 3597 477 3649 vim
494 3595 661 3651 Goerenains
679 3595 772 3650 verbis
793 3599 834 3673 oet
855 3599 964 3651 maxime
980 3599 1016 3650 ad
1029 3600 1089 3656 ate.

121 3683 227 3739 naria.
244 3683 352 3749 1,1,2.
371 3681 516 3747 tribuerit,
534 3698 578 3735 me
596 3679 677 3750 tugis.
726 3684 729 3689 '

153 3786 244 3842 Plant.
260 3786 318 3843 urit.
333 3784 360 3854 3,
378 3781 480 3851 1,186.
505 3801 584 3852 qaam
601 3789 688 3852 pates,
705 3786 760 3834 sam
781 3783 859 3835 uerba
873 3786 960 3854 confer
974 3799 1090 3839 aarum

122 3870 158 3922 ad
175 3873 358 3939 compendium·
399 3870 479 3922 Haec
499 3872 638 3920 contracta
661 3865 786 3917 dicantar
807 3882 882 3935 qaam
899 3871 1011 3923 masinae
1026 3887 1090 3921 coa.

117 3956 170 4019 fer.
205 3953 316 4012 Terent.
335 3954 385 4009 Ad.
400 3952 428 4019 5,
442 3953 470 4020 8,
484 3952 509 4007 2.
527 3966 577 4020 ego
595 3964 655 4002 aero
676 3950 749 4001 iudeo
771 3956 796 4003 et
812 3952 841 4003 ia
863 3952 914 4006 itac'
935 3971 963 4006 re
981 3960 1008 4030 et
1030 3953 1091 4005 aaa·
1147 3971 1149 3974 ’

118 4039 235 4093 amasiae
251 4055 329 4109 qoam
343 4055 460 4102 amave
474 4035 653 4103 accusatore
670 4028 718 4086 ao‘a
731 4032 799 4086 hanc
809 4034 954 4102 familiam.
987 4036 1089 4090 Haaat.

80 4117 152 4227 ru.
387 4203 388 4206 Ν
531 4138 533 4142 -
762 4118 920 4193 ss,-
