2632 4770
566 243 625 312 lN.
806 318 809 323 ,
856 249 874 287 ¹·
1060 259 1125 323 297

131 396 253 450 vasculo,
286 393 456 464 ootou.14,
478 397 522 450 19.
548 399 676 454 mittatur
694 398 722 451 in
744 401 822 460 dolio.
865 405 929 460 Alia
956 405 1019 462 vide
1051 413 1124 480 opud

73 519 86 542 .
133 483 254 533 Gronov.
274 481 309 532 od
331 482 454 535 Mausolo.
476 480 570 547 Somn.
591 482 663 566 Seip.
680 484 716 549 1,
734 483 761 538 4.
795 495 824 542 et
846 493 919 558 apud
943 495 1066 548 Curtium
1089 499 1125 553 ,p
1211 502 1217 507 .

132 567 245 620 Sallust.
265 565 324 617 Cot.
342 563 395 632 42,
410 565 436 619 6.
462 573 491 620 et
510 570 583 638 apud
601 569 735 623 Scheffer.
759 571 793 626 od
814 574 982 644 Obsequent'.
997 578 1041 632 tl.
1064 583 1125 637 lra-

135 656 217 704 etant.
238 651 271 703 de
293 651 404 704 Perseo.
425 651 509 708 Mort.
531 653 581 720 69,
603 654 629 709 6.
654 657 681 709 in
702 660 871 712 matrimonio
893 665 1080 732 postulundd,
1096 668 1137 722 6.’
1222 691 1231 704 ·

132 739 256 802 infraenes
276 736 390 790 traditis.
415 737 517 792 etalio
537 741 610 807 apud
623 741 794 795 Bnnemaun.
816 743 852 797 ad
868 744 918 811 21,
938 747 978 804 ll.
999 751 1052 805 lul.
1066 728 1133 807 0ls·¹

131 837 190 887 seq.
211 820 254 873 91.
278 839 356 889 mum
376 823 405 875 in
429 824 531 893 Apulia
553 834 727 881 reverteretur.
769 829 910 897 anprid.
932 832 1073 888 Commod.
1096 839 1125 892 8

133 907 300 959 Dalmaticae
315 908 345 959 r'n
360 909 461 978 pollion
468 909 602 978 processit·
637 911 847 981 Hygiuurllab.
864 915 924 970 199.
938 917 1041 986 petrem
1057 923 1126 976 tus-

133 997 226 1043 storem
249 993 277 1043 in
297 993 428 1048 adiutorio
452 994 561 1047 vaeavit.
592 993 636 1046 92.
655 1004 685 1048 ut
707 992 820 1052 dederent
841 989 887 1053 eoi
907 1001 935 1053 in
951 1003 1005 1056 lde
1027 998 1126 1062 monti.

133 1075 192 1129 169.
209 1078 273 1129 lnuo
289 1084 378 1130 notem
392 1078 476 1131 Iouem
491 1079 520 1130 in
533 1078 639 1131 ennensi
652 1079 741 1132 insola
752 1084 854 1136 detulit.
885 1085 922 1139 Et
937 1086 1040 1140 similia
1053 1092 1126 1144 mul·

133 1167 178 1226 tn,
205 1179 277 1230 quae
300 1179 351 1215 nee
375 1161 499 1215 librariis
522 1162 669 1230 imputari,
700 1182 750 1217 neo
772 1167 880 1221 ratione
904 1171 970 1225 satis
991 1173 1126 1232 vindicari

133 1252 262 1313 possunt·
279 1246 415 1316 imprimis
431 1248 504 1328 apud
520 1247 673 1317 Sulpicium
696 1251 832 1305 Severum
854 1259 882 1308 et
905 1257 976 1324 apud
991 1260 1127 1316 recentis·

134 1331 224 1384 simos.
260 1331 316 1384 vid.
332 1331 444 1386 Burthii
461 1322 609 1388 Adversas.
624 1332 667 1400 29,
681 1332 709 1386 9.

170 1417 225 1484 Qui
249 1435 317 1471 vero
340 1417 450 1470 codices
472 1418 588 1488 scriptos
614 1420 741 1474 munibus
771 1438 885 1476 versare
912 1426 1018 1493 solent,
1042 1428 1127 1484 laeile

133 1503 341 1570 confitebuntur,
363 1504 470 1556 nullum
483 1504 545 1556 fere
561 1505 655 1557 loenm
677 1505 814 1559 dubium
805 1508 939 1575 inveniri,
955 1510 985 1564 in
1003 1529 1056 1581 qno
1071 1496 1145 1567 non
1236 1508 1238 1511 ¹

128 1588 194 1640 libri
211 1591 322 1658 quidam
338 1588 448 1657 appleto
463 1587 574 1654 lineola,
591 1607 661 1657 quas
681 1591 709 1642 in
724 1590 788 1644 aliis
802 1592 905 1667 omissa
920 1600 971 1661 est,
989 1599 1127 1659 accuseti-

134 1691 199 1726 vum
214 1678 372 1731 exhibeant.
407 1671 463 1730 vid.
481 1664 655 1745 Oudendorp.
668 1674 705 1728 ad
719 1675 798 1730 Caes.
813 1677 963 1747 uptus,
978 1681 1004 1736 8.
1027 1684 1127 1738 Orelli.

136 1759 171 1811 nd
190 1759 245 1815 Cic
268 1763 301 1815 de
319 1763 386 1834 Leg.
400 1766 428 1833 9,
433 1759 486 1826 14,
500 1759 544 1814 26.
579 1760 656 1832 Lege
676 1759 778 1826 etiam,
796 1778 867 1828 quae
889 1772 984 1820 namot
1004 1768 1129 1823 Goeren-

137 1844 195 1897 nius
219 1847 253 1898 ud
271 1848 327 1901 cie.
346 1849 380 1901 de
395 1849 465 1920 lreg.
483 1865 509 1915 ιι.
525 1844 570 1900 82.
593 1846 651 1901 Neo
672 1846 850 1902 miraberis
841 1865 871 1900 ιιι
896 1850 990 1904 codiee
1010 1854 1128 1921 quodam
1157 1850 1160 1860 ¹

136 1929 213 1982 Caes.
232 1933 266 1984 Β.
286 1935 342 2004 gal.
364 1933 397 2000 1,
413 1933 439 1987 6.
466 1931 542 2002 legis
567 1933 635 2000 qnod
649 1933 764 1984 nondum
786 1933 853 1985 bono
872 1937 962 1988 animo
979 1937 1126 2007 improprio

136 2030 243 2075 romano
269 2019 435 2084 siderentur,
455 2017 563 2085 quando
589 2033 683 2069 eornm
709 2017 885 2092 memineris,
904 2037 974 2089 qnae
994 2020 1027 2074 de
1050 2040 1127 2076 eom-

134 2098 234 2165 pendio
247 2102 347 2155 horum
363 2105 511 2157 verborum
533 2099 603 2155 dixit
627 2079 787 2155 Schellerus
800 2104 841 2157 nd
864 2105 960 2174 lustin.
981 2105 1034 2171 68,
1050 2105 1084 2174 6,
1100 2107 1130 2165 9.
1222 2130 1243 2171 ι,

135 2183 215 2252 Apud
236 2186 297 2240 lriv.
312 2188 355 2255 66,
368 2186 413 2254 41,
429 2186 457 2241 6.
482 2184 589 2258 sigonii
607 2185 680 2240 liber
696 2187 797 2242 ceteris
819 2191 975 2258 praestet
965 2209 995 2247 m
1016 2146 1127 2250 verdier

135 2269 164 2321 io
178 2272 317 2326 Etruriam
330 2280 502 2344 prorogatum
519 2271 659 2356 imperinm
676 2279 724 2326 eti·

173 2354 287 2412 Sallust.
300 2357 406 2412 Histor.
422 2357 536 2426 Fragm.
553 2355 586 2422 l,
601 2355 627 2409 9.
647 2374 755 2425 quornm
778 2357 808 2409 in
825 2357 918 2427 gratio
936 2359 1052 2430 plerique
1068 2379 1130 2415 ooo·

136 2450 272 2494 eessernat.
306 2444 375 2497 Ante
391 2439 485 2496 omnio
496 2439 677 2493 demonstrari
694 2440 778 2494 debet
792 2429 1056 2511 npudaugustmum
1068 2445 1129 2517 legi
1182 2510 1184 2515 Ι

135 2525 166 2575 r'n
187 2498 297 2595 graticio
328 2532 387 2580 tum
409 2525 482 2594 quod
506 2525 590 2579 affert
606 2524 660 2579 ille
679 2525 877 2594 Exemplorum
900 2532 1035 2594 auctor,
1045 2547 1128 2597 quem
1219 2592 1222 2596 ⁴

138 2611 304 2666 Frontonem
319 2612 477 2678 nominant,
495 2615 633 2679 sumptum
654 2608 765 2667 videtur
787 2627 804 2662 e
820 2610 955 2678 corruptis
978 2613 1128 2668 codicibus.

138 2696 232 2762 Quare
253 2694 377 2750 llritnius
400 2696 461 2750 inre
483 2696 655 2765 repositurus
678 2702 719 2750 est
741 2697 769 2748 iu
784 2697 920 2762 -grntinm
961 2697 1038 2749 ldem
1061 2691 1129 2753 vero

136 2781 248 2835 criticus
267 2782 413 2859 admodum
434 2782 554 2851 prudens
574 2781 683 2834 fallitur
707 2779 737 2832 in
757 2797 807 2844 eo,
825 2780 898 2848 quod
920 2780 975 2834 diei
992 2799 1072 2852 posse
1087 2784 1128 2850 ‘ad

136 2866 249 2919 saulus.
268 2867 329 2936 ug.
345 2866 405 2933 ιιι,
423 2867 449 2919 ι.
465 2864 610 2942 Ι...ιιιιιιιιι
623 2869 678 2920 aa
692 2865 720 2918 a
734 2864 853 2935 gratim
868 2866 965 2919 muru.
998 2867 1041 2919 sa
1056 2883 1128 2934 queo
1146 2878 1148 2881 ’
1179 2874 1180 2878 ¹
1266 2838 1271 2857 ⁸

140 2951 209 3002 alibi
225 2950 364 3018 exposuit,
380 2951 410 3005 id
430 2957 505 3005 certe
524 2967 578 3004 nou
596 2950 790 3004 demonstrent.
824 2948 912 3002 Nemo
933 2949 976 3003 its
998 2967 1129 3020 umquem
1191 3004 1193 3013 ,

139 3034 267 3102 loquutus
284 3043 334 3090 est.
368 3036 498 3107 Alioquin
524 3036 607 3090 etlam
630 3042 705 3090 reete
724 3034 865 3089 diceretur
884 3035 915 3103 ¹in
933 3037 1051 3104 gentium
1076 3051 1130 3106 esse
1229 3072 1231 3080 ι

141 3136 192 3186 pro
206 3122 350 3190 ingratia.
383 3120 481 3176 Manil.
494 3118 521 3188 5,
537 3119 598 3175 689.
618 3123 800 3192 Anguitenens
816 3147 851 3162 ·-
868 3137 947 3188 paam
962 3121 1031 3172 venit
1046 3120 1072 3171 ia
1086 3137 1130 3175 re-

139 3205 217 3273 gione
238 3213 317 3270 tuoe,
339 3207 510 3276 Capricorne,
531 3207 651 3276 figurae.
693 3205 770 3260 Male
790 3203 1022 3272 interpungebant
1043 3203 1128 3260 olims

141 3306 213 3340 nune
236 3289 362 3344 referunt
381 3291 468 3344 rerba
491 3291 520 3342 in
540 3289 646 3360 regione
666 3290 702 3344 ad
725 3306 785 3352 voe.
800 3292 869 3358 sosii
888 3286 918 3341 iu
937 3289 1026 3342 alters
1048 3288 1129 3356 ports
1154 3290 1157 3294 ⁴

142 3371 343 3428 enumtietionis.
377 3374 457 3443 Apud
476 3376 588 3429 Petron.
604 3370 649 3425 48.
669 3372 843 3428 scribendum
868 3378 926 3427 ests
943 3373 1008 3428 noco
1030 3390 1127 3430 coeam.
1195 3419 1198 3423 .

140 3459 173 3511 ln
188 3459 273 3511 medie
287 3478 365 3528 poem
379 3461 531 3513 constitisset
546 3459 583 3512 ad
597 3475 714 3513 mensam
729 3473 809 3514 mess.

174 3542 270 3612 Lorlgn
293 3549 335 3596 est
354 3542 502 3611 disputatio
522 3543 691 3608 Burmanni,
724 3560 783 3612 qna
807 3516 1025 3606 demonstretur,
1051 3545 1128 3595 reete

141 3627 221 3679 dici
211 3647 240 3679 m
253 3636 387 3696 conpectu
402 3628 487 3682 venire
502 3615 630 3694 aliiains,
650 3633 678 3682 st
695 3626 845 3681 Clurlsins
836 3643 865 3679 ιιι
884 3626 1003 3679 Caesare
1025 3626 1128 3695 ubique
1146 3654 1149 3657 ·

141 3713 170 3765 id
185 3712 382 3767 restituendum
398 3710 505 3765 eensuit
518 3719 671 3783 propiores,
682 3713 753 3782 quod
766 3712 908 3783 eleganter
916 3709 1128 3780 significaretur,

141 3797 282 3862 inlocum
304 3797 417 3865 venire,
446 3796 476 3850 in
498 3813 552 3866 qno
573 3797 636 3866 quis
657 3789 785 3869 deinceps
808 3803 895 3852 staret
918 3794 946 3848 in
961 3802 1128 3866 ,conspecta

142 3883 268 3936 Permira
292 3889 334 3937 est
351 3883 421 3937 haee
436 3882 508 3936 ratio
528 3889 557 3938 et
573 3901 609 3936 ne
624 3883 798 3938 Burmannus
819 3881 931 3950 quidem
953 3880 1029 3935 uliud
1051 3880 1130 3950 quid·
1213 3886 1238 3895 ·“

143 3985 225 4036 quem
241 3967 345 4034 elleeit,
365 3977 449 4037 quam
465 3971 497 4022 nt
516 3967 662 4035 indiceret,
680 3969 710 4023 in
724 3967 823 4037 quibus
836 3965 905 4021 loeis
918 3957 1027 4019 librarii
1041 3965 1129 4018 lineo-

141 4053 198 4108 lam
214 4052 382 4133 omisisssnt,
402 4059 451 4133 aut
465 4070 500 4111 ex
517 4052 560 4110 sni
575 4052 706 4129 temporis
728 4067 781 4109 ιιιιι
802 4053 832 4106 s'a
847 4057 983 4124 oeuspeetn
1001 4047 1128 4118 scripsis-
