2654 4770
298 264 300 269 ·
406 326 407 331 Ν
510 196 687 369 nierrvn
1062 270 1121 334 187

142 401 227 538 {ursit
255 400 278 454 i.
295 409 324 456 e.
343 419 417 483 nuno
439 403 527 459 enim:
550 407 718 478 intelligitur
737 407 860 464 dubitari
882 411 963 482 poree
984 416 1019 470 de
1041 407 1125 475 elicto

162 503 231 540 oris.

161 627 195 688 8.
221 623 377 690 Eiusdem
401 627 539 712 originis
564 640 612 695 est
634 630 781 697 formula
810 632 920 720 igitur
949 647 1005 716 ut,
1036 639 1124 725 npud

75 708 232 806 lJleutum
250 710 360 775 obvia.
404 712 570 797 Significat
586 739 623 781 eu
648 717 722 782 oleo
752 716 851 806 dass,
869 719 1014 784 nemlc'clc
1036 721 1126 813 daſs,

73 805 130 859 zio
148 796 356 882 quidemot,
378 799 541 863 ueletiam
570 825 612 866 eo
637 815 827 869 caucanet.
871 805 1029 870 Similiter
1052 809 1125 896 igi-

75 892 136 946 tur
155 904 239 969 quo,
262 881 298 945 h.
317 904 344 946 e.
361 905 398 947 co
415 880 506 972 dost.

176 1001 269 1055 Plout.
284 1000 361 1054 Asin.
376 1002 403 1067 2,
420 1003 445 1070 1,
461 1002 487 1055 3.
505 1006 560 1057 iam
576 1006 623 1058 dio
637 1009 806 1073 estfactum,
826 1025 901 1074 onom
914 1007 1018 1062 discesti
1031 1012 1065 1064 oi
1078 1013 1125 1066 ite·

146 1103 178 1137 ro
201 1094 277 1154 etque
288 1088 379 1139 obiisti
392 1089 429 1140 od
436 1094 548 1156 soram:
566 1092 652 1160 igitur
665 1086 818 1143 inveniundo
838 1099 950 1161 urgento
964 1102 992 1146 ut
1007 1097 1125 1167 fingere·

142 1171 294 1238 fallaciam.
325 1171 485 1240 Eueno,
501 1174 526 1224 1.
550 1192 601 1225 nou
619 1175 673 1226 oris
688 1191 780 1226 causeo
793 1176 867 1226 modo
884 1178 996 1231 homiues
1017 1199 1125 1249 aequom

141 1256 200 1324 fuit
213 1257 263 1308 eiii
283 1257 379 1309 hohcre
401 1260 547 1327 epeculum,
568 1259 612 1310 obi
635 1276 662 1311 oe
684 1259 882 1326 contemplarent
903 1277 996 1326 raom,
1019 1267 1064 1317 red
1081 1269 1126 1336 qui

145 1341 293 1409 percpicere
313 1349 414 1409 poscent
440 1359 483 1393 cor
507 1343 668 1411 sopieutioer
697 1344 783 1411 igitur
802 1342 946 1412 perspicere
965 1353 996 1398 ut
1022 1360 1125 1416 peccent

146 1425 231 1479 cordio
252 1426 362 1494 copiam.
383 1427 415 1479 n.
438 1442 464 1478 e.
488 1427 536 1479 red
558 1443 610 1494 quo
632 1427 769 1480 internum
788 1426 949 1494 sapientium
969 1432 1124 1500 perspicere

145 1514 266 1577 possent,
284 1507 366 1562 etita
379 1510 500 1579 quidem,
512 1517 545 1564 ut
558 1517 644 1564 totam
657 1508 742 1564 enimi
754 1510 873 1564 indolem
888 1529 1049 1586 omnemque
1065 1519 1124 1574 eius
1167 1553 1168 1556 =

145 1592 325 1647 conditionem
337 1595 495 1664 perspicere
509 1599 626 1665 possent.

181 1698 246 1750 flue
265 1697 358 1750 reiero
377 1698 583 1752 locum.1'lent.
594 1697 695 1764 Amph.
707 1697 734 1765 1,
751 1696 781 1762 1,
792 1697 852 1751 lea
866 1697 947 1768 (188.)
966 1722 1053 1759 oerum
1068 1724 1123 1760 m.
1173 1755 1175 1764 Ι

145 1790 227 1836 temet
242 1785 400 1850 confidenter
414 1785 540 1836 hominem
554 1791 646 1835 contro
661 1785 770 1851 colloqui
775 1820 784 1847 ‚
802 1784 886 1852 igitar
908 1788 951 1854 qni
968 1792 1064 1856 possim
1084 1794 1124 1844 vt.

146 1869 203 1920 deri
220 1868 280 1920 ionic
289 1869 380 1935 fortir,
395 1885 413 1918 o
425 1884 464 1918 me
478 1873 509 1917 nt
522 1868 648 1918 abstineat
663 1884 776 1919 monum.
810 1869 887 1934 Quae
902 1887 984 1937 qaum
1000 1890 1050 1927 nec
1065 1892 1125 1928 me.

144 1957 190 2006 tro
203 1970 255 2005 nec
270 1953 418 2005 verborum
438 1948 501 2002 neni
517 1950 663 2003 convenire
679 1950 823 2015 vidissent,
845 1952 934 2009 critici
948 1963 995 2010 eut
1010 1977 1028 2012 o
1041 1977 1081 2014 me
1094 1968 1124 2014 ot

146 2044 196 2091 eut
216 2038 304 2108 igitur
321 2037 488 2089 obiecerunt.
530 2035 566 2087 nt
586 2052 689 2105 negore
710 2053 763 2088 non
784 2035 902 2090 debehat
923 2038 1124 2098 Lindemann.

82 2144 84 2148 ’
145 2123 231 2192 igitur
253 2121 457 2174 consecutivum
476 2120 645 2174 enuntiatum
668 2120 801 2189 incipere.
849 2123 938 2191 Igitur
956 2143 1003 2192 quo
1025 2126 1124 2182 dicitur
1178 2105 1182 2120 ι
1228 2192 1231 2197 ⁸

145 2223 197 2274 pro
211 2209 299 2278 igitur
312 2215 351 2260 ot.
384 2206 440 2260 Sed
456 2203 639 2257 abiiciendum
654 2212 695 2258 est
710 2223 808 2258 nomen
824 2225 936 2274 mooun,
952 2210 1021 2278 quod
1043 2212 1123 2266 soei„

148 2290 189 2344 dit
215 2290 314 2357 aliquis
343 2292 486 2360 glossator.
538 2289 647 2342 Sosium
674 2289 747 2343 enim
778 2290 933 2368 Mercurius
961 2294 1050 2352 subito
1079 2297 1122 2358 in..

144 2375 284 2446 terpellet.

162 2515 195 2576 9.
220 2511 284 2576 Sed
300 2511 405 2596 magis
423 2510 600 2597 conspicua
618 2519 668 2574 est
683 2508 764 2577 haee
778 2511 825 2575 vie
841 2512 874 2576 in
900 2511 1122 2594 conclusione,

74 2599 113 2661 in
131 2619 194 2682 qua
211 2598 277 2662 duo
293 2598 410 2662 iudicia
432 2596 561 2660 ratione
585 2596 838 2682 coniunguntur.
879 2597 1026 2666 Dicimus
1050 2602 1123 2693 igi.

75 2695 155 2756 tur,
182 2683 313 2770 quando
331 2705 372 2746 ex
387 2693 462 2746 onte
487 2682 582 2745 dietis
603 2681 670 2744 eive
686 2683 841 2766 cogitatis
865 2684 1049 2769 colligimus
1074 2709 1122 2759 ea,

77 2790 164 2854 quae
188 2771 222 2832 in
247 2769 310 2834 illis
332 2779 501 2853 tamquam
523 2767 556 2830 iu
579 2768 706 2832 ratione
728 2789 785 2831 sua
810 2768 1039 2849 continentur,
1068 2783 1124 2835 out

76 2875 121 2919 ex
138 2876 248 2918 rerum
270 2855 516 2940 comparatione
534 2852 709 2938 prodeunt.
749 2852 929 2921 Rationalis
946 2865 995 2920 est
1017 2858 1125 2943 parti-t

78 2940 171 3014 cula,
198 2950 230 3004 et
250 2961 320 3002 carn
339 2939 470 3024 quidem
488 2936 735 3002 conclusionem
753 2939 1031 3024 exprimit‚‘quee
1053 2943 1125 3014 solu

74 3025 331 3091 ratiocinatione
349 3023 528 3090 conficitur.
549 3069 552 3075 f
577 3023 815 3110 Distinguimus
837 3026 923 3093 enim
946 3025 981 3088 in
1006 3047 1124 3095 conne-

78 3111 239 3196 quutione
268 3131 414 3174 causeum
446 3108 677 3176 cinationem.
721 3107 813 3177 Illam
862 3111 974 3196 roprie
998 3111 1124 3199 itaque,

75 3196 165 3259 hanc
182 3197 293 3283 igitur
308 3194 484 3280 significat:
507 3192 588 3258 illud
607 3215 648 3256 ex
670 3194 771 3258 rebus·
794 3133 919 3260 collatis
945 3197 1146 3278 concludit,.

75 3281 146 3346 hoe
172 3304 213 3346 ex
241 3281 442 3372 cognitione.
480 3277 675 3366 Philosophi
699 3281 765 3345 soie
789 3281 977 3344 nominibus
1006 3282 1124 3369 oppel*

74 3368 288 3431 lontnexum
305 3367 450 3452 logicum
474 3375 505 3430 et
528 3365 664 3431 realem·
707 3365 771 3431 Sed
794 3376 827 3428 et
850 3388 932 3455 ergo
959 3365 1124 3436 diversum

76 3465 139 3518 eet.
188 3454 274 3517 Nam
299 3452 409 3538 igitur
437 3459 601 3514 monstrat
623 3472 695 3514 rem
718 3451 1010 3537 comprehensam,
1041 3477 1124 3540 ergo

76 3549 190 3602 autem
206 3536 305 3600 simul
323 3535 485 3614 affirmet,
503 3535 642 3619 ideoque
657 3537 690 3598 in
708 3537 849 3620 graviori
868 3545 1125 3620 argumentatio·

73 3645 121 3689 ne
148 3624 255 3686 locum
282 3622 391 3689 habet.
450 3621 622 3684 Varietnti’n
643 3641 755 3685 caussa
784 3621 870 3684 inter
898 3645 932 3685 se
955 3623 1125 3694 interdum

76 3718 336 3773 commutantur.
379 3708 531 3771 Ceterum
548 3704 739 3771 Laurentius
758 3705 845 3771 Valla
860 3705 1008 3793 Elegant.
1020 3714 1051 3786 2,
1069 3712 1123 3778 42.

77 3795 143 3871 ait,
169 3795 279 3882 igitur
302 3805 334 3856 et
355 3814 437 3895 ergo
453 3790 657 3856 brevioribus
681 3790 827 3856 adhiberi
851 3793 1123 3875 conclusionibus,

127 3903 206 3958 ore,
227 3876 441 3965 quamobrem
468 3877 656 3943 maioribus.
708 3879 750 3946 At
772 3873 911 3942 brevitas
934 3877 1017 3945 nihil
1039 3901 1124 3953 cong·

94 3977 166 4046 ert,
191 3964 249 4028 sed
267 3964 404 4048 gravitas
420 3963 454 4026 in
473 3960 704 4032 confirmando
730 3960 851 4032 iudicio
873 3974 906 4029 et
927 3984 1041 4035 rerum
1063 3985 1124 4047 ⁶9·

76 4052 289 4121 haerentium
307 4049 557 4119 demonstratio.
