<?xml version="1.0" encoding="UTF-8"?>
<!DOCTYPE html PUBLIC "-//W3C//DTD XHTML 1.0 Transitional//EN"
    "http://www.w3.org/TR/xhtml1/DTD/xhtml1-transitional.dtd">
<html xmlns="http://www.w3.org/1999/xhtml" xml:lang="en" lang="en">
 <head>
  <title>
</title>
<meta http-equiv="Content-Type" content="text/html;charset=utf-8" />
  <meta name='ocr-system' content='tesseract 3.04.00' />
  <meta name='ocr-capabilities' content='ocr_page ocr_carea ocr_par ocr_line ocrx_word'/>
</head>
<body>
  <div class='ocr_page' id='page_1' title='image "./tursellinusseud01handgoog_0341.png"; bbox 0 0 2632 4770; ppageno 0'>
   <div class='ocr_carea' id='block_1_1' title="bbox 528 238 1115 327">
    <p class='ocr_par' dir='ltr' id='par_1_1' title="bbox 528 238 1115 357">
     <span class='ocr_line' id='line_1_1' title="bbox 528 238 1115 327; baseline 0.012 -8"><span class='ocrx_word' id='word_1_1' title='bbox 528 238 608 320; x_wconf 74' lang='lat' dir='ltr'><strong>ut.</strong></span> <span class='ocrx_word' id='word_1_2' title='bbox 725 310 733 323; x_wconf 71' lang='grc'>,</span> <span class='ocrx_word' id='word_1_3' title='bbox 1051 258 1115 327; x_wconf 78' lang='lat' dir='ltr'><strong>ets</strong></span> 
     </span>
    </p>
   </div>
   <div class='ocr_carea' id='block_1_2' title="bbox 21 405 1191 1014">
    <p class='ocr_par' dir='ltr' id='par_1_2' title="bbox 21 405 1191 1014">
     <span class='ocr_line' id='line_1_2' title="bbox 53 405 1186 496; baseline 0 -18"><span class='ocrx_word' id='word_1_4' title='bbox 53 411 170 479; x_wconf 89' lang='lat' dir='ltr'><strong>multis</strong></span> <span class='ocrx_word' id='word_1_5' title='bbox 199 407 381 475; x_wconf 82' lang='lat' dir='ltr'><strong>admodum</strong></span> <span class='ocrx_word' id='word_1_6' title='bbox 405 406 547 496; x_wconf 74' lang='lat' dir='ltr'><strong>placuite</strong></span> <span class='ocrx_word' id='word_1_7' title='bbox 582 405 737 473; x_wconf 60' lang='lat' dir='ltr'><strong>conuehi</strong></span> <span class='ocrx_word' id='word_1_8' title='bbox 761 406 842 475; x_wconf 85' lang='lat' dir='ltr'><strong>duas</strong></span> <span class='ocrx_word' id='word_1_9' title='bbox 869 411 1117 478; x_wconf 73' lang='lat' dir='ltr'><strong>enuntiationes</strong></span> <span class='ocrx_word' id='word_1_10' title='bbox 1183 480 1186 488; x_wconf 78' lang='grc'><strong>,</strong></span> 
     </span>
     <span class='ocr_line' id='line_1_3' title="bbox 52 493 1191 585; baseline -0.001 -19"><span class='ocrx_word' id='word_1_11' title='bbox 52 503 89 566; x_wconf 91' lang='lat' dir='ltr'><strong>in</strong></span> <span class='ocrx_word' id='word_1_12' title='bbox 112 518 236 574; x_wconf 89' lang='lat' dir='ltr'><strong>unam,</strong></span> <span class='ocrx_word' id='word_1_13' title='bbox 267 506 300 560; x_wconf 88' lang='lat' dir='ltr'><strong>et</strong></span> <span class='ocrx_word' id='word_1_14' title='bbox 326 495 365 561; x_wconf 81' lang='lat' dir='ltr'><strong>io</strong></span> <span class='ocrx_word' id='word_1_15' title='bbox 380 506 592 580; x_wconf 69' lang='lat' dir='ltr'><strong>potententem</strong></span> <span class='ocrx_word' id='word_1_16' title='bbox 616 516 688 559; x_wconf 84' lang='lat' dir='ltr'><strong>esse</strong></span> <span class='ocrx_word' id='word_1_17' title='bbox 710 493 768 581; x_wconf 92' lang='lat' dir='ltr'><strong>qui</strong></span> <span class='ocrx_word' id='word_1_18' title='bbox 790 493 931 575; x_wconf 76' lang='lat' dir='ltr'><strong>dixerit,</strong></span> <span class='ocrx_word' id='word_1_19' title='bbox 953 499 1117 585; x_wconf 70' lang='lat' dir='ltr'><strong>cogitasse</strong></span> <span class='ocrx_word' id='word_1_20' title='bbox 1187 530 1191 536; x_wconf 90' lang='lat'>·</span> 
     </span>
     <span class='ocr_line' id='line_1_4' title="bbox 55 581 1117 671; baseline -0.001 -21"><span class='ocrx_word' id='word_1_21' title='bbox 55 587 95 650; x_wconf 81' lang='lat' dir='ltr'><strong>in</strong></span> <span class='ocrx_word' id='word_1_22' title='bbox 106 593 316 671; x_wconf 83' lang='lat' dir='ltr'><strong>potestatem</strong></span> <span class='ocrx_word' id='word_1_23' title='bbox 332 581 445 646; x_wconf 76' lang='lat' dir='ltr'><strong>venire</strong></span> <span class='ocrx_word' id='word_1_24' title='bbox 462 581 547 646; x_wconf 83' lang='lat' dir='ltr'><strong>etin</strong></span> <span class='ocrx_word' id='word_1_25' title='bbox 563 603 606 645; x_wconf 83' lang='lat' dir='ltr'><strong>ea</strong></span> <span class='ocrx_word' id='word_1_26' title='bbox 623 602 705 644; x_wconf 67' lang='lat' dir='ltr'><strong>esset</strong></span> <span class='ocrx_word' id='word_1_27' title='bbox 750 582 793 642; x_wconf 78' lang='lat' dir='ltr'><strong>Aa</strong></span> <span class='ocrx_word' id='word_1_28' title='bbox 807 601 877 644; x_wconf 94' lang='lat' dir='ltr'><strong>non</strong></span> <span class='ocrx_word' id='word_1_29' title='bbox 893 585 1117 670; x_wconf 81' lang='lat' dir='ltr'><strong>supprimitur</strong></span> 
     </span>
     <span class='ocr_line' id='line_1_5' title="bbox 58 663 1117 755; baseline -0.001 -19"><span class='ocrx_word' id='word_1_30' title='bbox 58 669 232 755; x_wconf 78' lang='lat' dir='ltr'><strong>cogitatio,</strong></span> <span class='ocrx_word' id='word_1_31' title='bbox 267 667 374 754; x_wconf 90' lang='lat' dir='ltr'><strong>neque</strong></span> <span class='ocrx_word' id='word_1_32' title='bbox 406 667 609 731; x_wconf 87' lang='lat' dir='ltr'><strong>accusativus</strong></span> <span class='ocrx_word' id='word_1_33' title='bbox 627 663 767 752; x_wconf 80' lang='lat' dir='ltr'><strong>pendet</strong></span> <span class='ocrx_word' id='word_1_34' title='bbox 799 687 842 729; x_wconf 80' lang='lat' dir='ltr'><strong>ex</strong></span> <span class='ocrx_word' id='word_1_35' title='bbox 874 666 983 732; x_wconf 90' lang='lat' dir='ltr'><strong>alieno</strong></span> <span class='ocrx_word' id='word_1_36' title='bbox 1015 669 1117 737; x_wconf 85' lang='lat' dir='ltr'><strong>verbo</strong></span> 
     </span>
     <span class='ocr_line' id='line_1_6' title="bbox 21 749 1118 842; baseline -0.003 -20"><span class='ocrx_word' id='word_1_37' title='bbox 21 822 23 826; x_wconf 76' lang='grc'>,</span> <span class='ocrx_word' id='word_1_38' title='bbox 57 753 287 831; x_wconf 86' lang='lat' dir='ltr'><strong>substituendo</strong></span> <span class='ocrx_word' id='word_1_39' title='bbox 315 752 480 818; x_wconf 79' lang='lat' dir='ltr'><strong>in&#39;allatis</strong></span> <span class='ocrx_word' id='word_1_40' title='bbox 504 749 686 838; x_wconf 70' lang='lat' dir='ltr'><strong>exampliat</strong></span> <span class='ocrx_word' id='word_1_41' title='bbox 718 750 804 837; x_wconf 86' lang='lat' dir='ltr'><strong>quin</strong></span> <span class='ocrx_word' id='word_1_42' title='bbox 828 751 940 838; x_wconf 88' lang='lat' dir='ltr'><strong>potius</strong></span> <span class='ocrx_word' id='word_1_43' title='bbox 971 776 1118 842; x_wconf 88' lang='lat' dir='ltr'><strong>perpau-</strong></span> 
     </span>
     <span class='ocr_line' id='line_1_7' title="bbox 56 837 1189 927; baseline -0.001 -20"><span class='ocrx_word' id='word_1_44' title='bbox 56 865 95 907; x_wconf 89' lang='lat' dir='ltr'><strong>ca</strong></span> <span class='ocrx_word' id='word_1_45' title='bbox 111 851 209 921; x_wconf 91' lang='lat' dir='ltr'><strong>sunt,</strong></span> <span class='ocrx_word' id='word_1_46' title='bbox 232 841 266 904; x_wconf 93' lang='lat' dir='ltr'><strong>in</strong></span> <span class='ocrx_word' id='word_1_47' title='bbox 286 837 405 926; x_wconf 85' lang='lat' dir='ltr'><strong>quibus</strong></span> <span class='ocrx_word' id='word_1_48' title='bbox 425 860 582 927; x_wconf 87' lang='lat' dir='ltr'><strong>praeceps</strong></span> <span class='ocrx_word' id='word_1_49' title='bbox 603 838 759 924; x_wconf 90' lang='lat' dir='ltr'><strong>cogitatio</strong></span> <span class='ocrx_word' id='word_1_50' title='bbox 775 837 953 902; x_wconf 85' lang='lat' dir='ltr'><strong>notionem</strong></span> <span class='ocrx_word' id='word_1_51' title='bbox 973 838 1120 927; x_wconf 89' lang='lat' dir='ltr'><strong>aliquam</strong></span> <span class='ocrx_word' id='word_1_52' title='bbox 1186 873 1189 885; x_wconf 94' lang='lat'><em>·</em></span> 
     </span>
     <span class='ocr_line' id='line_1_8' title="bbox 58 923 1121 1014; baseline 0 -22"><span class='ocrx_word' id='word_1_53' title='bbox 58 925 314 1014; x_wconf 84' lang='lat' dir='ltr'><strong>exprimendam</strong></span> <span class='ocrx_word' id='word_1_54' title='bbox 330 924 542 989; x_wconf 71' lang='lat' dir='ltr'><strong>transmittit:</strong></span> <span class='ocrx_word' id='word_1_55' title='bbox 566 923 668 987; x_wconf 87' lang='lat' dir='ltr'><strong>veluti</strong></span> <span class='ocrx_word' id='word_1_56' title='bbox 683 944 787 1011; x_wconf 91' lang='lat' dir='ltr'><strong>quum</strong></span> <span class='ocrx_word' id='word_1_57' title='bbox 802 923 874 988; x_wconf 87' lang='lat' dir='ltr'><strong>Liv.</strong></span> <span class='ocrx_word' id='word_1_58' title='bbox 891 927 923 1004; x_wconf 88' lang='grc'><strong>8,</strong></span> <span class='ocrx_word' id='word_1_59' title='bbox 940 928 994 1003; x_wconf 75' lang='lat'><strong>20,</strong></span> <span class='ocrx_word' id='word_1_60' title='bbox 1012 931 1044 989; x_wconf 82' lang='lat'><strong>7.</strong></span> <span class='ocrx_word' id='word_1_61' title='bbox 1067 927 1121 992; x_wconf 90' lang='lat' dir='ltr'><strong>di-</strong></span> 
     </span>
    </p>
   </div>
   <div class='ocr_carea' id='block_1_3' title="bbox 55 1007 1278 1096">
    <p class='ocr_par' dir='ltr' id='par_1_3' title="bbox 55 1007 1278 1096">
     <span class='ocr_line' id='line_1_9' title="bbox 55 1007 1278 1096; baseline -0.001 -17"><span class='ocrx_word' id='word_1_62' title='bbox 55 1015 126 1079; x_wconf 75' lang='lat' dir='ltr'><strong>xitt</strong></span> <span class='ocrx_word' id='word_1_63' title='bbox 154 1010 354 1076; x_wconf 72' lang='lat' dir='ltr'><strong>Vitruvium</strong></span> <span class='ocrx_word' id='word_1_64' title='bbox 370 1009 408 1082; x_wconf 77' lang='lat' dir='ltr'><strong>in</strong></span> <span class='ocrx_word' id='word_1_65' title='bbox 424 1031 596 1074; x_wconf 81' lang='lat' dir='ltr'><strong>carcerem</strong></span> <span class='ocrx_word' id='word_1_66' title='bbox 612 1007 787 1074; x_wconf 72' lang='lat' dir='ltr'><strong>asservari</strong></span> <span class='ocrx_word' id='word_1_67' title='bbox 812 1008 932 1074; x_wconf 74' lang='lat' dir='ltr'><strong>inseite</strong></span> <span class='ocrx_word' id='word_1_68' title='bbox 953 1009 987 1076; x_wconf 93' lang='lat' dir='ltr'><strong>id</strong></span> <span class='ocrx_word' id='word_1_69' title='bbox 1013 1020 1063 1076; x_wconf 89' lang='lat' dir='ltr'><strong>est</strong></span> <span class='ocrx_word' id='word_1_70' title='bbox 1084 1013 1131 1078; x_wconf 67' lang='lat' dir='ltr'><strong>in‘</strong></span> <span class='ocrx_word' id='word_1_71' title='bbox 1164 1016 1168 1023; x_wconf 74' lang='grc'><em>’</em></span> <span class='ocrx_word' id='word_1_72' title='bbox 1274 1086 1278 1096; x_wconf 33' lang='lat'><strong>¹</strong></span> 
     </span>
    </p>
   </div>
   <div class='ocr_carea' id='block_1_4' title="bbox 56 1092 1216 3050">
    <p class='ocr_par' dir='ltr' id='par_1_4' title="bbox 56 1092 1216 3050">
     <span class='ocr_line' id='line_1_10' title="bbox 58 1092 1122 1165; baseline -0.001 -1"><span class='ocrx_word' id='word_1_73' title='bbox 58 1120 226 1164; x_wconf 87' lang='lat' dir='ltr'><strong>carcerem</strong></span> <span class='ocrx_word' id='word_1_74' title='bbox 244 1095 364 1161; x_wconf 91' lang='lat' dir='ltr'><strong>coniici</strong></span> <span class='ocrx_word' id='word_1_75' title='bbox 379 1105 412 1159; x_wconf 90' lang='lat' dir='ltr'><strong>et</strong></span> <span class='ocrx_word' id='word_1_76' title='bbox 427 1095 472 1160; x_wconf 93' lang='lat' dir='ltr'><strong>ibi</strong></span> <span class='ocrx_word' id='word_1_77' title='bbox 491 1094 666 1160; x_wconf 76' lang='lat' dir='ltr'><strong>asservari·</strong></span> <span class='ocrx_word' id='word_1_78' title='bbox 706 1093 773 1159; x_wconf 84' lang='lat' dir='ltr'><strong>Sed</strong></span> <span class='ocrx_word' id='word_1_79' title='bbox 790 1095 878 1165; x_wconf 87' lang='lat' dir='ltr'><strong>varia</strong></span> <span class='ocrx_word' id='word_1_80' title='bbox 902 1107 980 1160; x_wconf 89' lang='lat' dir='ltr'><strong>sunt</strong></span> <span class='ocrx_word' id='word_1_81' title='bbox 999 1092 1122 1163; x_wconf 87' lang='lat' dir='ltr'><strong>harum</strong></span> 
     </span>
     <span class='ocr_line' id='line_1_11' title="bbox 58 1174 1123 1270; baseline -0.001 -21"><span class='ocrx_word' id='word_1_82' title='bbox 58 1185 246 1250; x_wconf 90' lang='lat' dir='ltr'><strong>dictionum</strong></span> <span class='ocrx_word' id='word_1_83' title='bbox 269 1203 400 1270; x_wconf 87' lang='lat' dir='ltr'><strong>genera.</strong></span> <span class='ocrx_word' id='word_1_84' title='bbox 449 1182 535 1247; x_wconf 81' lang='lat' dir='ltr'><strong>Ante</strong></span> <span class='ocrx_word' id='word_1_85' title='bbox 565 1180 677 1247; x_wconf 89' lang='lat' dir='ltr'><strong>omnia</strong></span> <span class='ocrx_word' id='word_1_86' title='bbox 711 1174 1021 1246; x_wconf 80' lang='lat' dir='ltr'><strong>‘itar&#39;secludendi</strong></span> <span class='ocrx_word' id='word_1_87' title='bbox 1042 1193 1123 1248; x_wconf 90' lang='lat' dir='ltr'><strong>sunt</strong></span> 
     </span>
     <span class='ocr_line' id='line_1_12' title="bbox 56 1264 1172 1354; baseline -0.001 -18"><span class='ocrx_word' id='word_1_88' title='bbox 56 1271 145 1347; x_wconf 91' lang='lat' dir='ltr'><strong>loci,</strong></span> <span class='ocrx_word' id='word_1_89' title='bbox 173 1268 353 1354; x_wconf 87' lang='lat' dir='ltr'><strong>inquibus</strong></span> <span class='ocrx_word' id='word_1_90' title='bbox 377 1266 656 1334; x_wconf 89' lang='lat' dir='ltr'><strong>indoctilibrarii</strong></span> <span class='ocrx_word' id='word_1_91' title='bbox 684 1284 725 1330; x_wconf 82' lang='lat' dir='ltr'><strong>vs</strong></span> <span class='ocrx_word' id='word_1_92' title='bbox 767 1264 912 1337; x_wconf 86' lang='lat' dir='ltr'><strong>aliorum</strong></span> <span class='ocrx_word' id='word_1_93' title='bbox 938 1268 1122 1335; x_wconf 87' lang='lat' dir='ltr'><strong>verborum</strong></span> <span class='ocrx_word' id='word_1_94' title='bbox 1169 1318 1172 1322; x_wconf 87' lang='lat'>-</span> 
     </span>
     <span class='ocr_line' id='line_1_13' title="bbox 58 1350 1175 1501; baseline 0 -79"><span class='ocrx_word' id='word_1_95' title='bbox 58 1355 274 1422; x_wconf 89' lang='lat' dir='ltr'><strong>similitudine</strong></span> <span class='ocrx_word' id='word_1_96' title='bbox 298 1353 449 1441; x_wconf 81' lang='lat' dir='ltr'><strong>decepti,</strong></span> <span class='ocrx_word' id='word_1_97' title='bbox 480 1352 530 1418; x_wconf 87' lang='lat' dir='ltr'><strong>vel</strong></span> <span class='ocrx_word' id='word_1_98' title='bbox 559 1361 763 1501; x_wconf 87' lang='lat' dir='ltr'><strong>properante</strong></span> <span class='ocrx_word' id='word_1_99' title='bbox 785 1350 911 1415; x_wconf 90' lang='lat' dir='ltr'><strong>calamo</strong></span> <span class='ocrx_word' id='word_1_100' title='bbox 935 1351 1063 1420; x_wconf 79' lang='lat' dir='ltr'><strong>litterae</strong></span> <span class='ocrx_word' id='word_1_101' title='bbox 1085 1377 1123 1421; x_wconf 89' lang='lat' dir='ltr'><strong>m</strong></span> <span class='ocrx_word' id='word_1_102' title='bbox 1173 1380 1175 1387; x_wconf 91' lang='lat'>·</span> 
     </span>
     <span class='ocr_line' id='line_1_14' title="bbox 58 1437 1123 1528; baseline -0.002 -22"><span class='ocrx_word' id='word_1_103' title='bbox 58 1453 176 1506; x_wconf 88' lang='lat' dir='ltr'><strong>notam</strong></span> <span class='ocrx_word' id='word_1_104' title='bbox 198 1449 445 1528; x_wconf 85' lang='lat' dir='ltr'><strong>apposuerunt:</strong></span> <span class='ocrx_word' id='word_1_105' title='bbox 479 1439 535 1524; x_wconf 78' lang='lat' dir='ltr'><strong>qui</strong></span> <span class='ocrx_word' id='word_1_106' title='bbox 565 1460 623 1502; x_wconf 87' lang='lat' dir='ltr'><strong>mu</strong></span> <span class='ocrx_word' id='word_1_107' title='bbox 638 1439 664 1502; x_wconf 90' lang='lat' dir='ltr'><strong>ti</strong></span> <span class='ocrx_word' id='word_1_108' title='bbox 694 1437 876 1501; x_wconf 84' lang='lat' dir='ltr'><strong>admodum</strong></span> <span class='ocrx_word' id='word_1_109' title='bbox 904 1448 1001 1503; x_wconf 85' lang='lat' dir='ltr'><strong>sunt:</strong></span> <span class='ocrx_word' id='word_1_110' title='bbox 1037 1449 1070 1505; x_wconf 91' lang='lat' dir='ltr'><strong>et</strong></span> <span class='ocrx_word' id='word_1_111' title='bbox 1097 1443 1123 1511; x_wconf 88' lang='lat' dir='ltr'><strong>ii</strong></span> 
     </span>
     <span class='ocr_line' id='line_1_15' title="bbox 60 1522 1122 1612; baseline -0.001 -19"><span class='ocrx_word' id='word_1_112' title='bbox 60 1530 180 1601; x_wconf 85' lang='lat' dir='ltr'><strong>etiarn,</strong></span> <span class='ocrx_word' id='word_1_113' title='bbox 204 1529 237 1590; x_wconf 94' lang='lat' dir='ltr'><strong>in</strong></span> <span class='ocrx_word' id='word_1_114' title='bbox 256 1527 374 1612; x_wconf 88' lang='lat' dir='ltr'><strong>quibus</strong></span> <span class='ocrx_word' id='word_1_115' title='bbox 392 1522 497 1589; x_wconf 88' lang='lat' dir='ltr'><strong>seduli</strong></span> <span class='ocrx_word' id='word_1_116' title='bbox 511 1523 638 1589; x_wconf 90' lang='lat' dir='ltr'><strong>scribae</strong></span> <span class='ocrx_word' id='word_1_117' title='bbox 654 1523 857 1609; x_wconf 85' lang='lat' dir='ltr'><strong>antiquitatis</strong></span> <span class='ocrx_word' id='word_1_118' title='bbox 875 1523 1025 1589; x_wconf 88' lang='lat' dir='ltr'><strong>colorem</strong></span> <span class='ocrx_word' id='word_1_119' title='bbox 1041 1535 1122 1593; x_wconf 81' lang='lat' dir='ltr'><strong>oru-</strong></span> 
     </span>
     <span class='ocr_line' id='line_1_16' title="bbox 62 1607 1216 1712; baseline -0.002 -34"><span class='ocrx_word' id='word_1_120' title='bbox 62 1614 147 1678; x_wconf 90' lang='lat' dir='ltr'><strong>tioni</strong></span> <span class='ocrx_word' id='word_1_121' title='bbox 165 1611 284 1676; x_wconf 87' lang='lat' dir='ltr'><strong>addere</strong></span> <span class='ocrx_word' id='word_1_122' title='bbox 299 1612 506 1675; x_wconf 90' lang='lat' dir='ltr'><strong>studuerunt.</strong></span> <span class='ocrx_word' id='word_1_123' title='bbox 554 1609 636 1673; x_wconf 88' lang='lat' dir='ltr'><strong>Vide</strong></span> <span class='ocrx_word' id='word_1_124' title='bbox 652 1607 817 1674; x_wconf 81' lang='lat' dir='ltr'><strong>Schwarn.</strong></span> <span class='ocrx_word' id='word_1_125' title='bbox 834 1607 872 1672; x_wconf 90' lang='lat' dir='ltr'><strong>ad</strong></span> <span class='ocrx_word' id='word_1_126' title='bbox 891 1609 987 1674; x_wconf 88' lang='lat' dir='ltr'><strong>Plinii</strong></span> <span class='ocrx_word' id='word_1_127' title='bbox 1003 1612 1121 1712; x_wconf 87' lang='lat' dir='ltr'><strong>Paneg.</strong></span> <span class='ocrx_word' id='word_1_128' title='bbox 1212 1644 1216 1666; x_wconf 82' lang='grc' dir='ltr'>ι</span> 
     </span>
     <span class='ocr_line' id='line_1_17' title="bbox 59 1693 1122 1788; baseline 0.001 -26"><span class='ocrx_word' id='word_1_129' title='bbox 59 1724 96 1788; x_wconf 90' lang='lat' dir='ltr'><strong>p.</strong></span> <span class='ocrx_word' id='word_1_130' title='bbox 114 1704 164 1762; x_wconf 82' lang='lat'><strong>63.</strong></span> <span class='ocrx_word' id='word_1_131' title='bbox 183 1708 215 1760; x_wconf 92' lang='lat' dir='ltr'><strong>et</strong></span> <span class='ocrx_word' id='word_1_132' title='bbox 235 1721 269 1784; x_wconf 86' lang='lat' dir='ltr'><strong>p.</strong></span> <span class='ocrx_word' id='word_1_133' title='bbox 287 1699 360 1760; x_wconf 86' lang='lat'><strong>150.</strong></span> <span class='ocrx_word' id='word_1_134' title='bbox 403 1695 495 1759; x_wconf 88' lang='lat' dir='ltr'><strong>Tum</strong></span> <span class='ocrx_word' id='word_1_135' title='bbox 512 1694 581 1758; x_wconf 86' lang='lat' dir='ltr'><strong>non</strong></span> <span class='ocrx_word' id='word_1_136' title='bbox 605 1693 710 1758; x_wconf 91' lang='lat' dir='ltr'><strong>modo</strong></span> <span class='ocrx_word' id='word_1_137' title='bbox 732 1694 928 1781; x_wconf 83' lang='lat' dir='ltr'><strong>depravatae</strong></span> <span class='ocrx_word' id='word_1_138' title='bbox 952 1695 1122 1762; x_wconf 78' lang='lat' dir='ltr'><strong>latinitatis</strong></span> 
     </span>
     <span class='ocr_line' id='line_1_18' title="bbox 59 1781 1123 1868; baseline -0.004 -17"><span class='ocrx_word' id='word_1_139' title='bbox 59 1784 305 1851; x_wconf 87' lang='lat' dir='ltr'><strong>recentissimae</strong></span> <span class='ocrx_word' id='word_1_140' title='bbox 321 1801 432 1855; x_wconf 86' lang='lat' dir='ltr'><strong>usum,</strong></span> <span class='ocrx_word' id='word_1_141' title='bbox 454 1781 489 1847; x_wconf 90' lang='lat' dir='ltr'><strong>in</strong></span> <span class='ocrx_word' id='word_1_142' title='bbox 503 1800 574 1866; x_wconf 58' lang='lat' dir='ltr'><strong>‘quo</strong></span> <span class='ocrx_word' id='word_1_143' title='bbox 589 1802 650 1845; x_wconf 89' lang='lat' dir='ltr'><strong>nec</strong></span> <span class='ocrx_word' id='word_1_144' title='bbox 667 1801 800 1845; x_wconf 91' lang='lat' dir='ltr'><strong>casuum</strong></span> <span class='ocrx_word' id='word_1_145' title='bbox 818 1802 880 1858; x_wconf 86' lang='lat' dir='ltr'><strong>nec</strong></span> <span class='ocrx_word' id='word_1_146' title='bbox 896 1781 1123 1868; x_wconf 87' lang='lat' dir='ltr'><strong>praepositio·</strong></span> 
     </span>
     <span class='ocr_line' id='line_1_19' title="bbox 62 1864 1124 1957; baseline 0 -23"><span class='ocrx_word' id='word_1_147' title='bbox 62 1891 145 1934; x_wconf 91' lang='lat' dir='ltr'><strong>num</strong></span> <span class='ocrx_word' id='word_1_148' title='bbox 164 1867 328 1952; x_wconf 89' lang='lat' dir='ltr'><strong>legitimus</strong></span> <span class='ocrx_word' id='word_1_149' title='bbox 346 1864 466 1930; x_wconf 89' lang='lat' dir='ltr'><strong>modus</strong></span> <span class='ocrx_word' id='word_1_150' title='bbox 485 1865 674 1942; x_wconf 80' lang='lat' dir='ltr'><strong>constabat,</strong></span> <span class='ocrx_word' id='word_1_151' title='bbox 695 1887 766 1929; x_wconf 89' lang='lat' dir='ltr'><strong>non</strong></span> <span class='ocrx_word' id='word_1_152' title='bbox 785 1865 825 1929; x_wconf 88' lang='lat' dir='ltr'><strong>ad</strong></span> <span class='ocrx_word' id='word_1_153' title='bbox 846 1865 1124 1957; x_wconf 85' lang='lat' dir='ltr'><strong>bonosscripto-</strong></span> 
     </span>
     <span class='ocr_line' id='line_1_20' title="bbox 60 1951 1123 2041; baseline -0.001 -21"><span class='ocrx_word' id='word_1_154' title='bbox 60 1977 114 2021; x_wconf 89' lang='lat' dir='ltr'><strong>res</strong></span> <span class='ocrx_word' id='word_1_155' title='bbox 127 1955 294 2041; x_wconf 82' lang='lat' dir='ltr'><strong>pertinere</strong></span> <span class='ocrx_word' id='word_1_156' title='bbox 309 1952 534 2030; x_wconf 79' lang='lat' dir='ltr'><strong>censebimus,</strong></span> <span class='ocrx_word' id='word_1_157' title='bbox 552 1951 609 2015; x_wconf 87' lang='lat' dir='ltr'><strong>sed</strong></span> <span class='ocrx_word' id='word_1_158' title='bbox 628 1972 671 2015; x_wconf 87' lang='lat' dir='ltr'><strong>ne</strong></span> <span class='ocrx_word' id='word_1_159' title='bbox 687 1952 719 2016; x_wconf 85' lang='lat' dir='ltr'><strong>td</strong></span> <span class='ocrx_word' id='word_1_160' title='bbox 734 1951 879 2036; x_wconf 88' lang='lat' dir='ltr'><strong>-quidem</strong></span> <span class='ocrx_word' id='word_1_161' title='bbox 902 1954 1123 2019; x_wconf 88' lang='lat' dir='ltr'><strong>concedemus</strong></span> 
     </span>
     <span class='ocr_line' id='line_1_21' title="bbox 60 2036 1124 2125; baseline 0 -21"><span class='ocrx_word' id='word_1_162' title='bbox 60 2040 225 2119; x_wconf 85' lang='lat' dir='ltr'><strong>Klenzio,</strong></span> <span class='ocrx_word' id='word_1_163' title='bbox 247 2038 472 2124; x_wconf 87' lang='lat' dir='ltr'><strong>antiquiorum</strong></span> <span class='ocrx_word' id='word_1_164' title='bbox 488 2036 674 2102; x_wconf 86' lang='lat' dir='ltr'><strong>libertatem</strong></span> <span class='ocrx_word' id='word_1_165' title='bbox 697 2037 766 2125; x_wconf 74' lang='lat' dir='ltr'><strong>siue</strong></span> <span class='ocrx_word' id='word_1_166' title='bbox 785 2036 872 2125; x_wconf 89' lang='lat' dir='ltr'><strong>negli</strong></span> <span class='ocrx_word' id='word_1_167' title='bbox 897 2039 1018 2103; x_wconf 89' lang='lat' dir='ltr'><strong>entiam</strong></span> <span class='ocrx_word' id='word_1_168' title='bbox 1042 2040 1124 2104; x_wconf 85' lang='lat' dir='ltr'><strong>nul·</strong></span> 
     </span>
     <span class='ocr_line' id='line_1_22' title="bbox 59 2061 1123 2214; baseline 0.002 -24"><span class='ocrx_word' id='word_1_169' title='bbox 59 2125 101 2190; x_wconf 89' lang='lat' dir='ltr'><strong>lis</strong></span> <span class='ocrx_word' id='word_1_170' title='bbox 126 2125 222 2190; x_wconf 87' lang='lat' dir='ltr'><strong>certis</strong></span> <span class='ocrx_word' id='word_1_171' title='bbox 244 2121 367 2188; x_wconf 89' lang='lat' dir='ltr'><strong>finibus</strong></span> <span class='ocrx_word' id='word_1_172' title='bbox 399 2123 685 2211; x_wconf 82' lang='lat' dir='ltr'><strong>circumscriptam</strong></span> <span class='ocrx_word' id='word_1_173' title='bbox 717 2120 831 2188; x_wconf 84' lang='lat' dir='ltr'><strong>fuisse.</strong></span> <span class='ocrx_word' id='word_1_174' title='bbox 874 2061 1123 2214; x_wconf 65' lang='lat' dir='ltr'><strong>inscriptiones</strong></span> 
     </span>
     <span class='ocr_line' id='line_1_23' title="bbox 61 2208 1125 2299; baseline 0 -22"><span class='ocrx_word' id='word_1_175' title='bbox 61 2211 213 2298; x_wconf 87' lang='lat' dir='ltr'><strong>lapidum</strong></span> <span class='ocrx_word' id='word_1_176' title='bbox 230 2208 301 2274; x_wconf 82' lang='lat' dir='ltr'><strong>fere</strong></span> <span class='ocrx_word' id='word_1_177' title='bbox 325 2208 409 2273; x_wconf 93' lang='lat' dir='ltr'><strong>nihil</strong></span> <span class='ocrx_word' id='word_1_178' title='bbox 433 2209 596 2297; x_wconf 89' lang='lat' dir='ltr'><strong>probant,</strong></span> <span class='ocrx_word' id='word_1_179' title='bbox 618 2209 743 2296; x_wconf 87' lang='lat' dir='ltr'><strong>quippe</strong></span> <span class='ocrx_word' id='word_1_180' title='bbox 764 2229 848 2299; x_wconf 88' lang='lat' dir='ltr'><strong>quae</strong></span> <span class='ocrx_word' id='word_1_181' title='bbox 872 2222 929 2274; x_wconf 92' lang='lat' dir='ltr'><strong>aut</strong></span> <span class='ocrx_word' id='word_1_182' title='bbox 953 2211 1040 2279; x_wconf 89' lang='lat' dir='ltr'><strong>male</strong></span> <span class='ocrx_word' id='word_1_183' title='bbox 1064 2213 1125 2277; x_wconf 85' lang='lat' dir='ltr'><strong>de·</strong></span> 
     </span>
     <span class='ocr_line' id='line_1_24' title="bbox 61 2294 1124 2384; baseline 0 -20"><span class='ocrx_word' id='word_1_184' title='bbox 61 2301 202 2384; x_wconf 88' lang='lat' dir='ltr'><strong>scriptae</strong></span> <span class='ocrx_word' id='word_1_185' title='bbox 220 2306 276 2359; x_wconf 89' lang='lat' dir='ltr'><strong>aut</strong></span> <span class='ocrx_word' id='word_1_186' title='bbox 294 2295 334 2359; x_wconf 93' lang='lat' dir='ltr'><strong>ab</strong></span> <span class='ocrx_word' id='word_1_187' title='bbox 353 2294 498 2359; x_wconf 87' lang='lat' dir='ltr'><strong>indoctis</strong></span> <span class='ocrx_word' id='word_1_188' title='bbox 515 2294 694 2370; x_wconf 87' lang='lat' dir='ltr'><strong>artificibus</strong></span> <span class='ocrx_word' id='word_1_189' title='bbox 710 2294 817 2360; x_wconf 83' lang='lat' dir='ltr'><strong>factae</strong></span> <span class='ocrx_word' id='word_1_190' title='bbox 830 2294 907 2360; x_wconf 79' lang='lat' dir='ltr'><strong>sint.</strong></span> <span class='ocrx_word' id='word_1_191' title='bbox 953 2297 1047 2378; x_wconf 91' lang='lat' dir='ltr'><strong>Quae</strong></span> <span class='ocrx_word' id='word_1_192' title='bbox 1066 2318 1124 2363; x_wconf 89' lang='lat' dir='ltr'><strong>re·</strong></span> 
     </span>
     <span class='ocr_line' id='line_1_25' title="bbox 62 2378 1125 2468; baseline 0.001 -20"><span class='ocrx_word' id='word_1_193' title='bbox 62 2393 151 2448; x_wconf 86' lang='lat' dir='ltr'><strong>stant</strong></span> <span class='ocrx_word' id='word_1_194' title='bbox 175 2379 371 2446; x_wconf 80' lang='lat' dir='ltr'><strong>vindicanda</strong></span> <span class='ocrx_word' id='word_1_195' title='bbox 405 2379 558 2468; x_wconf 85' lang='lat' dir='ltr'><strong>exempla</strong></span> <span class='ocrx_word' id='word_1_196' title='bbox 588 2402 658 2445; x_wconf 91' lang='lat' dir='ltr'><strong>non</strong></span> <span class='ocrx_word' id='word_1_197' title='bbox 686 2378 842 2445; x_wconf 89' lang='lat' dir='ltr'><strong>destituta</strong></span> <span class='ocrx_word' id='word_1_198' title='bbox 872 2403 941 2446; x_wconf 90' lang='lat' dir='ltr'><strong>esse</strong></span> <span class='ocrx_word' id='word_1_199' title='bbox 971 2381 1125 2449; x_wconf 88' lang='lat' dir='ltr'><strong>videntur</strong></span> 
     </span>
     <span class='ocr_line' id='line_1_26' title="bbox 63 2465 1133 2552; baseline 0.001 -18"><span class='ocrx_word' id='word_1_200' title='bbox 63 2468 185 2534; x_wconf 89' lang='lat' dir='ltr'><strong>caussis</strong></span> <span class='ocrx_word' id='word_1_201' title='bbox 218 2490 255 2530; x_wconf 89' lang='lat' dir='ltr'><strong>ac</strong></span> <span class='ocrx_word' id='word_1_202' title='bbox 279 2466 427 2546; x_wconf 88' lang='lat' dir='ltr'><strong>ratione,</strong></span> <span class='ocrx_word' id='word_1_203' title='bbox 468 2486 577 2551; x_wconf 86' lang='lat' dir='ltr'><strong>neque</strong></span> <span class='ocrx_word' id='word_1_204' title='bbox 616 2465 711 2530; x_wconf 86' lang='lat' dir='ltr'><strong>decet</strong></span> <span class='ocrx_word' id='word_1_205' title='bbox 740 2466 781 2530; x_wconf 91' lang='lat' dir='ltr'><strong>ad</strong></span> <span class='ocrx_word' id='word_1_206' title='bbox 816 2467 1133 2552; x_wconf 78' lang='lat' dir='ltr'><strong>antiquissimorum¹</strong></span> 
     </span>
     <span class='ocr_line' id='line_1_27' title="bbox 62 2551 1125 2650; baseline 0.003 -31"><span class='ocrx_word' id='word_1_207' title='bbox 62 2555 269 2640; x_wconf 89' lang='lat' dir='ltr'><strong>scriptorum</strong></span> <span class='ocrx_word' id='word_1_208' title='bbox 300 2551 534 2637; x_wconf 83' lang='lat' dir='ltr'><strong>negligentiam</strong></span> <span class='ocrx_word' id='word_1_209' title='bbox 557 2554 762 2650; x_wconf 81' lang='lat' dir='ltr'><strong>provocare,</strong></span> <span class='ocrx_word' id='word_1_210' title='bbox 793 2551 851 2615; x_wconf 94' lang='lat' dir='ltr'><strong>ubi</strong></span> <span class='ocrx_word' id='word_1_211' title='bbox 874 2552 929 2616; x_wconf 88' lang='lat' dir='ltr'><strong>lex</strong></span> <span class='ocrx_word' id='word_1_212' title='bbox 953 2563 985 2618; x_wconf 88' lang='lat' dir='ltr'><strong>et</strong></span> <span class='ocrx_word' id='word_1_213' title='bbox 1005 2565 1125 2622; x_wconf 88' lang='lat' dir='ltr'><strong>natura</strong></span> 
     </span>
     <span class='ocr_line' id='line_1_28' title="bbox 62 2634 1125 2725; baseline 0.001 -20"><span class='ocrx_word' id='word_1_214' title='bbox 62 2640 196 2725; x_wconf 91' lang='lat' dir='ltr'><strong>linguae</strong></span> <span class='ocrx_word' id='word_1_215' title='bbox 214 2638 365 2702; x_wconf 86' lang='lat' dir='ltr'><strong>decrevit.</strong></span> <span class='ocrx_word' id='word_1_216' title='bbox 408 2636 502 2717; x_wconf 86' lang='lat' dir='ltr'><strong>Quae</strong></span> <span class='ocrx_word' id='word_1_217' title='bbox 519 2652 610 2701; x_wconf 83' lang='lat' dir='ltr'><strong>eninr</strong></span> <span class='ocrx_word' id='word_1_218' title='bbox 625 2634 759 2723; x_wconf 84' lang='lat' dir='ltr'><strong>Catonis</strong></span> <span class='ocrx_word' id='word_1_219' title='bbox 778 2646 811 2701; x_wconf 92' lang='lat' dir='ltr'><strong>et</strong></span> <span class='ocrx_word' id='word_1_220' title='bbox 828 2638 986 2703; x_wconf 89' lang='lat' dir='ltr'><strong>Varronis</strong></span> <span class='ocrx_word' id='word_1_221' title='bbox 1005 2661 1125 2706; x_wconf 86' lang='lat' dir='ltr'><strong>exem-</strong></span> 
     </span>
     <span class='ocr_line' id='line_1_29' title="bbox 65 2722 1132 2814; baseline 0.005 -26"><span class='ocrx_word' id='word_1_222' title='bbox 65 2726 124 2814; x_wconf 88' lang='lat' dir='ltr'><strong>pla</strong></span> <span class='ocrx_word' id='word_1_223' title='bbox 152 2724 351 2799; x_wconf 88' lang='lat' dir='ltr'><strong>afferuntur,</strong></span> <span class='ocrx_word' id='word_1_224' title='bbox 373 2722 419 2785; x_wconf 90' lang='lat' dir='ltr'><strong>sic</strong></span> <span class='ocrx_word' id='word_1_225' title='bbox 441 2732 519 2786; x_wconf 90' lang='lat' dir='ltr'><strong>sunt</strong></span> <span class='ocrx_word' id='word_1_226' title='bbox 540 2732 754 2809; x_wconf 89' lang='lat' dir='ltr'><strong>comparata,</strong></span> <span class='ocrx_word' id='word_1_227' title='bbox 776 2731 831 2800; x_wconf 90' lang='lat' dir='ltr'><strong>nt,</strong></span> <span class='ocrx_word' id='word_1_228' title='bbox 853 2724 945 2808; x_wconf 94' lang='lat' dir='ltr'><strong>quod</strong></span> <span class='ocrx_word' id='word_1_229' title='bbox 966 2726 1132 2793; x_wconf 90' lang='lat' dir='ltr'><strong>testimo·.</strong></span> 
     </span>
     <span class='ocr_line' id='line_1_30' title="bbox 64 2807 1125 2897; baseline 0.003 -22"><span class='ocrx_word' id='word_1_230' title='bbox 64 2813 123 2876; x_wconf 88' lang='lat' dir='ltr'><strong>nio</strong></span> <span class='ocrx_word' id='word_1_231' title='bbox 149 2810 623 2897; x_wconf 28' lang='lat' dir='ltr'><strong>gravissimorumxauctorunr</strong></span> <span class='ocrx_word' id='word_1_232' title='bbox 650 2807 845 2873; x_wconf 84' lang='lat' dir='ltr'><strong>defensurus</strong></span> <span class='ocrx_word' id='word_1_233' title='bbox 873 2832 924 2890; x_wconf 91' lang='lat' dir='ltr'><strong>es,</strong></span> <span class='ocrx_word' id='word_1_234' title='bbox 945 2813 1058 2896; x_wconf 91' lang='lat' dir='ltr'><strong>potins</strong></span> <span class='ocrx_word' id='word_1_235' title='bbox 1081 2811 1125 2878; x_wconf 89' lang='lat' dir='ltr'><strong>li·</strong></span> 
     </span>
     <span class='ocr_line' id='line_1_31' title="bbox 65 2893 1187 2983; baseline 0.002 -23"><span class='ocrx_word' id='word_1_236' title='bbox 65 2897 256 2960; x_wconf 78' lang='lat' dir='ltr'><strong>braciorum</strong></span> <span class='ocrx_word' id='word_1_237' title='bbox 281 2895 499 2982; x_wconf 78' lang='lat' dir='ltr'><strong>negligentiae</strong></span> <span class='ocrx_word' id='word_1_238' title='bbox 521 2903 577 2958; x_wconf 89' lang='lat' dir='ltr'><strong>aut</strong></span> <span class='ocrx_word' id='word_1_239' title='bbox 606 2895 754 2960; x_wconf 87' lang='lat' dir='ltr'><strong>inscitiae</strong></span> <span class='ocrx_word' id='word_1_240' title='bbox 774 2893 1126 2983; x_wconf 86' lang='lat' dir='ltr'><strong>tribuendum-videu-</strong></span> <span class='ocrx_word' id='word_1_241' title='bbox 1152 2938 1155 2942; x_wconf 30' lang='grc' dir='ltr'><em>ι</em></span> <span class='ocrx_word' id='word_1_242' title='bbox 1184 2942 1187 2952; x_wconf 83' lang='lat'><em>·</em></span> 
     </span>
     <span class='ocr_line' id='line_1_32' title="bbox 63 2978 1126 3050; baseline 0.004 -4"><span class='ocrx_word' id='word_1_243' title='bbox 63 2993 132 3046; x_wconf 89' lang='lat' dir='ltr'><strong>tur.</strong></span> <span class='ocrx_word' id='word_1_244' title='bbox 182 2982 249 3045; x_wconf 89' lang='lat' dir='ltr'><strong>Neo</strong></span> <span class='ocrx_word' id='word_1_245' title='bbox 274 2983 427 3044; x_wconf 89' lang='lat' dir='ltr'><strong>omnium</strong></span> <span class='ocrx_word' id='word_1_246' title='bbox 449 2978 630 3045; x_wconf 84' lang='lat' dir='ltr'><strong>verborum</strong></span> <span class='ocrx_word' id='word_1_247' title='bbox 660 3000 726 3044; x_wconf 89' lang='lat' dir='ltr'><strong>nna</strong></span> <span class='ocrx_word' id='word_1_248' title='bbox 752 2988 802 3044; x_wconf 78' lang='lat' dir='ltr'><strong>est</strong></span> <span class='ocrx_word' id='word_1_249' title='bbox 829 2982 926 3044; x_wconf 81' lang='lat' dir='ltr'><strong>ratio.</strong></span> <span class='ocrx_word' id='word_1_250' title='bbox 976 2983 1126 3050; x_wconf 87' lang='lat' dir='ltr'><strong>Verbum</strong></span> 
     </span>
    </p>
   </div>
   <div class='ocr_carea' id='block_1_5' title="bbox 65 3055 1234 3153">
    <p class='ocr_par' dir='ltr' id='par_1_5' title="bbox 65 3055 1234 3153">
     <span class='ocr_line' id='line_1_33' title="bbox 65 3055 1234 3153; baseline -0.001 -20"><span class='ocrx_word' id='word_1_251' title='bbox 65 3091 138 3133; x_wconf 85' lang='lat' dir='ltr'><strong>esse</strong></span> <span class='ocrx_word' id='word_1_252' title='bbox 155 3076 266 3153; x_wconf 90' lang='lat' dir='ltr'><strong>potest</strong></span> <span class='ocrx_word' id='word_1_253' title='bbox 283 3089 361 3130; x_wconf 91' lang='lat' dir='ltr'><strong>cum</strong></span> <span class='ocrx_word' id='word_1_254' title='bbox 379 3066 417 3130; x_wconf 85' lang='lat' dir='ltr'><strong>in</strong></span> <span class='ocrx_word' id='word_1_255' title='bbox 434 3076 467 3130; x_wconf 90' lang='lat' dir='ltr'><strong>et</strong></span> <span class='ocrx_word' id='word_1_256' title='bbox 487 3065 672 3130; x_wconf 84' lang='lat' dir='ltr'><strong>accusativo</strong></span> <span class='ocrx_word' id='word_1_257' title='bbox 691 3066 869 3153; x_wconf 90' lang='lat' dir='ltr'><strong>componi,</strong></span> <span class='ocrx_word' id='word_1_258' title='bbox 892 3065 951 3132; x_wconf 92' lang='lat' dir='ltr'><strong>ubi</strong></span> <span class='ocrx_word' id='word_1_259' title='bbox 969 3080 1127 3144; x_wconf 84' lang='lat' dir='ltr'><strong>nontam</strong></span> <span class='ocrx_word' id='word_1_260' title='bbox 1170 3055 1177 3069; x_wconf 69' lang='grc'><em>’</em></span> <span class='ocrx_word' id='word_1_261' title='bbox 1230 3068 1234 3074; x_wconf 69' lang='grc'><strong><em>’</em></strong></span> 
     </span>
    </p>
   </div>
   <div class='ocr_carea' id='block_1_6' title="bbox 65 3150 1193 4099">
    <p class='ocr_par' dir='ltr' id='par_1_6' title="bbox 65 3150 1193 4099">
     <span class='ocr_line' id='line_1_34' title="bbox 66 3150 1126 3239; baseline 0.003 -23"><span class='ocrx_word' id='word_1_262' title='bbox 66 3163 171 3217; x_wconf 86' lang='lat' dir='ltr'><strong>status</strong></span> <span class='ocrx_word' id='word_1_263' title='bbox 196 3163 229 3214; x_wconf 90' lang='lat' dir='ltr'><strong>et</strong></span> <span class='ocrx_word' id='word_1_264' title='bbox 249 3152 397 3215; x_wconf 89' lang='lat' dir='ltr'><strong>conditio</strong></span> <span class='ocrx_word' id='word_1_265' title='bbox 419 3150 603 3234; x_wconf 87' lang='lat' dir='ltr'><strong>indicatur,</strong></span> <span class='ocrx_word' id='word_1_266' title='bbox 626 3173 727 3236; x_wconf 89' lang='lat' dir='ltr'><strong>quam</strong></span> <span class='ocrx_word' id='word_1_267' title='bbox 752 3172 947 3239; x_wconf 86' lang='lat' dir='ltr'><strong>progressus</strong></span> <span class='ocrx_word' id='word_1_268' title='bbox 972 3177 1009 3219; x_wconf 90' lang='lat' dir='ltr'><strong>ac</strong></span> <span class='ocrx_word' id='word_1_269' title='bbox 1035 3153 1126 3219; x_wconf 89' lang='lat' dir='ltr'><strong>dire·</strong></span> 
     </span>
     <span class='ocr_line' id='line_1_35' title="bbox 68 3235 1125 3324; baseline 0.005 -24"><span class='ocrx_word' id='word_1_270' title='bbox 68 3238 156 3309; x_wconf 83' lang='lat' dir='ltr'><strong>otiu,</strong></span> <span class='ocrx_word' id='word_1_271' title='bbox 179 3246 212 3299; x_wconf 93' lang='lat' dir='ltr'><strong>et</strong></span> <span class='ocrx_word' id='word_1_272' title='bbox 228 3236 285 3299; x_wconf 92' lang='lat' dir='ltr'><strong>ubi</strong></span> <span class='ocrx_word' id='word_1_273' title='bbox 301 3237 421 3302; x_wconf 89' lang='lat' dir='ltr'><strong>dicitur</strong></span> <span class='ocrx_word' id='word_1_274' title='bbox 444 3259 516 3303; x_wconf 87' lang='lat' dir='ltr'><strong>rem</strong></span> <span class='ocrx_word' id='word_1_275' title='bbox 542 3236 584 3301; x_wconf 89' lang='lat' dir='ltr'><strong>ad</strong></span> <span class='ocrx_word' id='word_1_276' title='bbox 610 3235 735 3324; x_wconf 91' lang='lat' dir='ltr'><strong>aliquid</strong></span> <span class='ocrx_word' id='word_1_277' title='bbox 782 3239 925 3307; x_wconf 87' lang='lat' dir='ltr'><strong>ertinere</strong></span> <span class='ocrx_word' id='word_1_278' title='bbox 949 3250 1005 3304; x_wconf 92' lang='lat' dir='ltr'><strong>aut</strong></span> <span class='ocrx_word' id='word_1_279' title='bbox 1027 3236 1125 3306; x_wconf 80' lang='lat' dir='ltr'><strong>alicui</strong></span> 
     </span>
     <span class='ocr_line' id='line_1_36' title="bbox 65 3260 1126 3414; baseline 0.001 -25"><span class='ocrx_word' id='word_1_280' title='bbox 65 3322 118 3389; x_wconf 88' lang='lat' dir='ltr'><strong>rei</strong></span> <span class='ocrx_word' id='word_1_281' title='bbox 142 3321 300 3385; x_wconf 83' lang='lat' dir='ltr'><strong>inservire</strong></span> <span class='ocrx_word' id='word_1_282' title='bbox 321 3322 372 3387; x_wconf 89' lang='lat' dir='ltr'><strong>vel</strong></span> <span class='ocrx_word' id='word_1_283' title='bbox 393 3321 589 3386; x_wconf 88' lang='lat' dir='ltr'><strong>destinatam</strong></span> <span class='ocrx_word' id='word_1_284' title='bbox 614 3343 695 3386; x_wconf 84' lang='lat' dir='ltr'><strong>esse.</strong></span> <span class='ocrx_word' id='word_1_285' title='bbox 750 3260 804 3387; x_wconf 69' lang='lat' dir='ltr'><strong>dle</strong></span> <span class='ocrx_word' id='word_1_286' title='bbox 827 3323 887 3402; x_wconf 88' lang='lat' dir='ltr'><strong>fit,</strong></span> <span class='ocrx_word' id='word_1_287' title='bbox 913 3335 950 3388; x_wconf 91' lang='lat' dir='ltr'><strong>ut</strong></span> <span class='ocrx_word' id='word_1_288' title='bbox 966 3348 1038 3391; x_wconf 84' lang='lat' dir='ltr'><strong>esse</strong></span> <span class='ocrx_word' id='word_1_289' title='bbox 1061 3347 1126 3414; x_wconf 90' lang='lat' dir='ltr'><strong>pro</strong></span> 
     </span>
     <span class='ocr_line' id='line_1_37' title="bbox 67 3404 1128 3498; baseline 0.001 -22"><span class='ocrx_word' id='word_1_290' title='bbox 67 3407 201 3481; x_wconf 71' lang='lat' dir='ltr'><strong>venire,</strong></span> <span class='ocrx_word' id='word_1_291' title='bbox 226 3404 303 3470; x_wconf 78' lang='lat' dir='ltr'><strong>sicut</strong></span> <span class='ocrx_word' id='word_1_292' title='bbox 321 3429 383 3493; x_wconf 90' lang='lat' dir='ltr'><strong>pro</strong></span> <span class='ocrx_word' id='word_1_293' title='bbox 400 3405 539 3490; x_wconf 77' lang='grc' dir='ltr'><strong><em>ἔρχεσθαι</em></strong></span> <span class='ocrx_word' id='word_1_294' title='bbox 555 3407 636 3494; x_wconf 91' lang='lat' dir='ltr'><strong>poni</strong></span> <span class='ocrx_word' id='word_1_295' title='bbox 654 3406 815 3473; x_wconf 80' lang='lat' dir='ltr'><strong>videatur.</strong></span> <span class='ocrx_word' id='word_1_296' title='bbox 855 3409 944 3476; x_wconf 81' lang='lat' dir='ltr'><strong>Esse</strong></span> <span class='ocrx_word' id='word_1_297' title='bbox 965 3413 1004 3477; x_wconf 81' lang='lat' dir='ltr'><strong>iu</strong></span> <span class='ocrx_word' id='word_1_298' title='bbox 1022 3423 1128 3498; x_wconf 80' lang='lat' dir='ltr'><strong>pote-</strong></span> 
     </span>
     <span class='ocr_line' id='line_1_38' title="bbox 67 3491 1166 3641; baseline 0.001 -83"><span class='ocrx_word' id='word_1_299' title='bbox 67 3504 196 3558; x_wconf 81' lang='lat' dir='ltr'><strong>statem</strong></span> <span class='ocrx_word' id='word_1_300' title='bbox 212 3493 357 3556; x_wconf 82' lang='lat' dir='ltr'><strong>alicuius</strong></span> <span class='ocrx_word' id='word_1_301' title='bbox 372 3491 549 3641; x_wconf 75' lang='lat' dir='ltr'><strong>significat,</strong></span> <span class='ocrx_word' id='word_1_302' title='bbox 572 3514 642 3556; x_wconf 89' lang='lat' dir='ltr'><strong>esse</strong></span> <span class='ocrx_word' id='word_1_303' title='bbox 666 3493 790 3580; x_wconf 91' lang='lat' dir='ltr'><strong>aliquid</strong></span> <span class='ocrx_word' id='word_1_304' title='bbox 808 3492 941 3566; x_wconf 89' lang='lat' dir='ltr'><strong>alicuius</strong></span> <span class='ocrx_word' id='word_1_305' title='bbox 967 3498 1126 3585; x_wconf 87' lang='lat' dir='ltr'><strong>potestati</strong></span> <span class='ocrx_word' id='word_1_306' title='bbox 1163 3554 1166 3559; x_wconf 91' lang='lat'>.</span> 
     </span>
     <span class='ocr_line' id='line_1_39' title="bbox 68 3578 1128 3670; baseline 0.004 -26"><span class='ocrx_word' id='word_1_307' title='bbox 68 3579 248 3644; x_wconf 86' lang='lat' dir='ltr'><strong>traditum:</strong></span> <span class='ocrx_word' id='word_1_308' title='bbox 279 3601 350 3642; x_wconf 85' lang='lat' dir='ltr'><strong>esse</strong></span> <span class='ocrx_word' id='word_1_309' title='bbox 373 3601 395 3642; x_wconf 86' lang='lat' dir='ltr'><em>a</em></span> <span class='ocrx_word' id='word_1_310' title='bbox 410 3578 481 3644; x_wconf 80' lang='lat' dir='ltr'><strong>icat</strong></span> <span class='ocrx_word' id='word_1_311' title='bbox 508 3578 546 3642; x_wconf 75' lang='lat' dir='ltr'><strong>itt</strong></span> <span class='ocrx_word' id='word_1_312' title='bbox 569 3589 715 3644; x_wconf 84' lang='lat' dir='ltr'><strong>mentem</strong></span> <span class='ocrx_word' id='word_1_313' title='bbox 745 3580 836 3644; x_wconf 88' lang='lat' dir='ltr'><strong>idern</strong></span> <span class='ocrx_word' id='word_1_314' title='bbox 863 3579 933 3658; x_wconf 84' lang='lat' dir='ltr'><strong>fore</strong></span> <span class='ocrx_word' id='word_1_315' title='bbox 965 3582 1128 3670; x_wconf 80' lang='lat' dir='ltr'><strong>significat</strong></span> 
     </span>
     <span class='ocr_line' id='line_1_40' title="bbox 71 3662 1129 3754; baseline 0.004 -24"><span class='ocrx_word' id='word_1_316' title='bbox 71 3666 161 3752; x_wconf 92' lang='lat' dir='ltr'><strong>quod</strong></span> <span class='ocrx_word' id='word_1_317' title='bbox 179 3664 291 3728; x_wconf 90' lang='lat' dir='ltr'><strong>venire</strong></span> <span class='ocrx_word' id='word_1_318' title='bbox 308 3667 344 3731; x_wconf 94' lang='lat' dir='ltr'><strong>in</strong></span> <span class='ocrx_word' id='word_1_319' title='bbox 361 3662 528 3740; x_wconf 88' lang='lat' dir='ltr'><strong>mentem,</strong></span> <span class='ocrx_word' id='word_1_320' title='bbox 550 3663 735 3754; x_wconf 78' lang='lat' dir='ltr'><strong>einsullen,</strong></span> <span class='ocrx_word' id='word_1_321' title='bbox 757 3665 816 3729; x_wconf 89' lang='lat' dir='ltr'><strong>sed</strong></span> <span class='ocrx_word' id='word_1_322' title='bbox 842 3664 970 3732; x_wconf 85' lang='lat' dir='ltr'><strong>dativus</strong></span> <span class='ocrx_word' id='word_1_323' title='bbox 991 3666 1129 3751; x_wconf 87' lang='lat' dir='ltr'><strong>addatur</strong></span> 
     </span>
     <span class='ocr_line' id='line_1_41' title="bbox 71 3748 1130 3838; baseline 0.005 -23"><span class='ocrx_word' id='word_1_324' title='bbox 71 3773 206 3816; x_wconf 87' lang='lat' dir='ltr'><strong>necesse</strong></span> <span class='ocrx_word' id='word_1_325' title='bbox 224 3760 290 3814; x_wconf 88' lang='lat' dir='ltr'><strong>est:</strong></span> <span class='ocrx_word' id='word_1_326' title='bbox 312 3773 382 3816; x_wconf 84' lang='lat' dir='ltr'><strong>esse</strong></span> <span class='ocrx_word' id='word_1_327' title='bbox 402 3748 625 3815; x_wconf 76' lang='lat' dir='ltr'><strong>its-iudicium</strong></span> <span class='ocrx_word' id='word_1_328' title='bbox 641 3771 704 3838; x_wconf 89' lang='lat' dir='ltr'><strong>pro</strong></span> <span class='ocrx_word' id='word_1_329' title='bbox 720 3750 835 3816; x_wconf 86' lang='lat' dir='ltr'><strong>sistere</strong></span> <span class='ocrx_word' id='word_1_330' title='bbox 851 3775 886 3818; x_wconf 90' lang='lat' dir='ltr'><strong>se</strong></span> <span class='ocrx_word' id='word_1_331' title='bbox 906 3754 940 3818; x_wconf 89' lang='lat' dir='ltr'><strong>in</strong></span> <span class='ocrx_word' id='word_1_332' title='bbox 967 3755 1130 3820; x_wconf 89' lang='lat' dir='ltr'><strong>iudicium</strong></span> 
     </span>
     <span class='ocr_line' id='line_1_42' title="bbox 71 3835 1193 3925; baseline 0.004 -25"><span class='ocrx_word' id='word_1_333' title='bbox 71 3835 272 3902; x_wconf 79' lang='lat' dir='ltr'><strong>ferendumz</strong></span> <span class='ocrx_word' id='word_1_334' title='bbox 298 3836 336 3901; x_wconf 83' lang='lat' dir='ltr'><strong>in</strong></span> <span class='ocrx_word' id='word_1_335' title='bbox 355 3847 571 3923; x_wconf 82' lang='lat' dir='ltr'><strong>conspectum</strong></span> <span class='ocrx_word' id='word_1_336' title='bbox 586 3858 667 3913; x_wconf 83' lang='lat' dir='ltr'><strong>ease,</strong></span> <span class='ocrx_word' id='word_1_337' title='bbox 689 3836 923 3925; x_wconf 90' lang='lat' dir='ltr'><strong>intelligimus,</strong></span> <span class='ocrx_word' id='word_1_338' title='bbox 944 3839 981 3903; x_wconf 89' lang='lat' dir='ltr'><strong>u&#39;t</strong></span> <span class='ocrx_word' id='word_1_339' title='bbox 995 3841 1129 3906; x_wconf 83' lang='lat' dir='ltr'><strong>veniant</strong></span> <span class='ocrx_word' id='word_1_340' title='bbox 1191 3846 1193 3851; x_wconf 84' lang='lat'>&#39;</span> 
     </span>
     <span class='ocr_line' id='line_1_43' title="bbox 71 3920 1153 4009; baseline 0.002 -21"><span class='ocrx_word' id='word_1_341' title='bbox 71 3923 108 3988; x_wconf 93' lang='lat' dir='ltr'><strong>in</strong></span> <span class='ocrx_word' id='word_1_342' title='bbox 126 3933 366 4009; x_wconf 87' lang='lat' dir='ltr'><strong>conspectum,</strong></span> <span class='ocrx_word' id='word_1_343' title='bbox 388 3920 430 3987; x_wconf 90' lang='lat' dir='ltr'><strong>ad</strong></span> <span class='ocrx_word' id='word_1_344' title='bbox 446 3932 681 4009; x_wconf 76' lang='lat' dir='ltr'><strong>conspectumt</strong></span> <span class='ocrx_word' id='word_1_345' title='bbox 702 3922 854 3988; x_wconf 87' lang='lat' dir='ltr'><strong>similiter</strong></span> <span class='ocrx_word' id='word_1_346' title='bbox 872 3925 908 3989; x_wconf 83' lang='lat' dir='ltr'><strong>in</strong></span> <span class='ocrx_word' id='word_1_347' title='bbox 925 3947 1024 3990; x_wconf 81' lang='lat' dir='ltr'><strong>usum</strong></span> <span class='ocrx_word' id='word_1_348' title='bbox 1045 3949 1129 3992; x_wconf 85' lang='lat' dir='ltr'><strong>esse.</strong></span> <span class='ocrx_word' id='word_1_349' title='bbox 1148 3924 1153 3931; x_wconf 52' lang='lat'>‘</span> 
     </span>
     <span class='ocr_line' id='line_1_44' title="bbox 73 4006 1131 4099; baseline 0.002 -27"><span class='ocrx_word' id='word_1_350' title='bbox 73 4008 163 4074; x_wconf 84' lang='lat' dir='ltr'><strong>Alias</strong></span> <span class='ocrx_word' id='word_1_351' title='bbox 186 4006 369 4088; x_wconf 84' lang='lat' dir='ltr'><strong>formulas,</strong></span> <span class='ocrx_word' id='word_1_352' title='bbox 399 4008 500 4074; x_wconf 85' lang='lat' dir='ltr'><strong>veluti</strong></span> <span class='ocrx_word' id='word_1_353' title='bbox 521 4031 594 4074; x_wconf 84' lang='lat' dir='ltr'><strong>rem</strong></span> <span class='ocrx_word' id='word_1_354' title='bbox 626 4031 697 4075; x_wconf 83' lang='lat' dir='ltr'><strong>esse</strong></span> <span class='ocrx_word' id='word_1_355' title='bbox 720 4010 759 4074; x_wconf 81' lang='lat' dir='ltr'><strong>in</strong></span> <span class='ocrx_word' id='word_1_356' title='bbox 782 4009 1017 4075; x_wconf 77' lang='lat' dir='ltr'><strong>vadimonium</strong></span> <span class='ocrx_word' id='word_1_357' title='bbox 1041 4009 1131 4099; x_wconf 91' lang='lat' dir='ltr'><strong>apud</strong></span> 
     </span>
    </p>
   </div>
   <div class='ocr_carea' id='block_1_7' title="bbox 75 4093 1228 4184">
    <p class='ocr_par' dir='ltr' id='par_1_7' title="bbox 75 4093 1228 4184">
     <span class='ocr_line' id='line_1_45' title="bbox 75 4093 1228 4184; baseline 0.004 -26"><span class='ocrx_word' id='word_1_358' title='bbox 75 4094 146 4160; x_wconf 87' lang='lat' dir='ltr'><strong>Cic.</strong></span> <span class='ocrx_word' id='word_1_359' title='bbox 173 4116 208 4183; x_wconf 90' lang='lat' dir='ltr'><strong>p.</strong></span> <span class='ocrx_word' id='word_1_360' title='bbox 233 4094 351 4176; x_wconf 90' lang='lat' dir='ltr'><strong>Quint.</strong></span> <span class='ocrx_word' id='word_1_361' title='bbox 369 4095 409 4172; x_wconf 83' lang='lat'><strong>⁵,</strong></span> <span class='ocrx_word' id='word_1_362' title='bbox 425 4099 480 4163; x_wconf 74' lang='lat'><strong>22.</strong></span> <span class='ocrx_word' id='word_1_363' title='bbox 500 4093 540 4162; x_wconf 79' lang='lat' dir='ltr'><strong>itt</strong></span> <span class='ocrx_word' id='word_1_364' title='bbox 559 4095 833 4164; x_wconf 79' lang='lat' dir='ltr'><strong>controversiam</strong></span> <span class='ocrx_word' id='word_1_365' title='bbox 856 4118 929 4163; x_wconf 85' lang='lat' dir='ltr'><strong>esse</strong></span> <span class='ocrx_word' id='word_1_366' title='bbox 954 4096 1044 4184; x_wconf 89' lang='lat' dir='ltr'><strong>apud</strong></span> <span class='ocrx_word' id='word_1_367' title='bbox 1067 4097 1130 4163; x_wconf 90' lang='lat' dir='ltr'><strong>Pe-</strong></span> <span class='ocrx_word' id='word_1_368' title='bbox 1223 4174 1228 4184; x_wconf 76' lang='lat'><em>.</em></span> 
     </span>
    </p>
   </div>
   <div class='ocr_carea' id='block_1_8' title="bbox 0 0 1340 4770">
    <p class='ocr_par' dir='ltr' id='par_1_8' title="bbox 0 0 1340 4770">
     <span class='ocr_line' id='line_1_46' title="bbox 0 0 1340 4770; baseline 0 0"><span class='ocrx_word' id='word_1_369' title='bbox 0 0 1340 4770; x_wconf 95' lang='lat' dir='ltr'><strong> </strong></span> 
     </span>
    </p>
   </div>
  </div>
 </body>
</html>
