2632 4770
477 245 663 318 nenne,
983 191 984 194 ¹
1030 255 1093 319 603

120 403 192 457 tana
207 407 262 468 est,
277 402 554 472 paciamuraaime
567 404 670 472 agitas.
704 403 739 456 de
757 403 998 471 Bonei0L8,1(t.
1019 410 1094 462 Tita-

98 489 173 552 'um
197 489 228 540 de
252 505 303 556 pua
325 503 403 554 prem
420 487 533 540 maxima
551 487 662 559 agitem
684 491 755 558 apud
769 490 912 546 Hesiodum
936 493 1028 550 cuam
1048 503 1094 570 est,

122 575 192 643 apat
202 573 347 625 Homerum
365 569 454 622 Maca.
503 578 505 582 “
538 588 544 611 ⁸

157 674 252 728 Sencc.
265 672 352 742 Epist.
368 671 413 736 23,
426 668 453 722 8·
468 670 643 740 tri-agendam
665 679 719 738 ert,
738 679 768 728 at
781 676 845 728 aaa
858 676 1010 732 vixerimus:
1026 697 1097 734 aemo

125 761 281 829 irccpatat,
298 759 343 826 pai
356 757 456 810 ordiar
472 772 549 823 quum
569 756 677 809 maxime
691 752 780 812 uitam‘.
796 759 817 812 i.
833 777 857 814 c.
876 762 937 814 eben
957 771 1018 816 erat.
1052 765 1096 830 95,
1147 752 1150 759 ’

123 841 167 898 lt·
177 845 238 913 fait
252 843 308 895 siae
323 841 461 904 catana
476 839 572 904 utatis,
588 846 660 892 aava
672 841 719 898 itta
731 846 876 912 rapientia,
893 865 971 916 paam
987 851 1098 903 maxime

36 969 47 977 .,
103 944 249 989 marcens,
266 926 348 977 rada.
388 923 479 978 Tacit.
492 923 567 975 'Ana
588 922 615 987 4,
636 920 680 976 21.
705 935 863 996 coeptantem
886 949 963 1002 quam
987 936 1115 988 maxime.

67 1036 86 1055 ·v
123 1011 325 1065 coniurationem
341 1008 450 1061 disiecit.
483 1006 557 1061 flia.
574 1006 600 1072 3,
616 1004 642 1060 4.

126 1144 129 1153 ·
158 1111 256 1163 Senec.
272 1110 358 1177 Epist.
373 1106 435 1175 lm,
449 1108 476 1162 5.
495 1110 625 1180 quaedam
637 1110 667 1163 ia
685 1126 731 1163 aar
741 1112 800 1178 flea
821 1119 895 1177 ruat,
913 1117 1041 1184 precedam
1057 1118 1098 1168 ui-
1194 1130 1200 1139 ‘

10 1215 30 1221 '³
115 1197 219 1258 trani,
236 1201 262 1247 et
282 1212 359 1263 qaum
378 1195 489 1247 mamare
511 1197 630 1260 ueniant,
655 1197 785 1265 quaedam
805 1197 841 1248 ad
863 1197 928 1250 aliae
939 1208 1098 1267 pmemtara

127 1296 175 1332 ace
195 1281 335 1349 stringunt.
359 1279 389 1331 h.
405 1295 430 1361 c.
454 1278 484 1331 in
504 1296 536 1333 eo
560 1285 636 1346 sunt,
661 1285 692 1333 ut
715 1278 840 1344 veniant,
862 1276 895 1331 ie
917 1298 949 1335 re
971 1282 1097 1338 instante.

21 1386 23 1391 ·
125 1362 215 1418 Tacit.
229 1363 303 1416 nist.
317 1360 344 1429 4,
359 1359 403 1416 56·
420 1367 481 1451 capi
495 1383 574 1436 paam
583 1367 691 1420 maxime
704 1367 799 1418 arbem.

159 1467 272 1521 Terent.
287 1467 357 1519 Hec.
370 1465 396 1531 1,
410 1464 437 1532 2,
447 1465 489 1520 39.
507 1469 576 1520 isaac
590 1469 744 1537 Bacchidem
761 1468 869 1520 amabat
879 1472 909 1518 at
923 1481 999 1534 prtem
1009 1484 1099 1520 masu-

129 1569 169 1604 me
186 1559 242 1604 tum
260 1550 419 1620 Pamphilus.
455 1548 512 1603 cic.
537 1552 572 1605 ad
587 1551 678 1620 Quint.
699 1552 732 1606 fr.
753 1550 780 1618 2,
803 1549 829 1604 6.
854 1553 944 1606 domae
959 1552 1100 1606 celebratur

24 1659 27 1663 ·
125 1638 184 1700 ita,
200 1643 323 1704 utquam
336 1635 470 1690 maxime
559 1636 562 1643 '

145 1793 197 1852 21.
220 1766 461 1872 Criticiquum
485 1784 586 1850 semei
609 1786 822 1870 invenissent,
841 1787 976 1855 Latinos
1001 1807 1101 1872 quum

64 1875 214 1958 maxime
228 1873 346 1936 dixisse
362 1874 402 1934 dc
420 1883 589 1958 ternpore,
615 1872 697 1936 hunc
720 1872 898 1937 formulam
925 1871 1101 1957 elegantiae

64 1959 200 2024 nomine
225 1956 489 2022 commendatam
509 1956 631 2042 ubique
645 1959 879 2022 restituendam
904 1967 1102 2020 censuerunt

65 2053 162 2130 atquc
191 2041 498 2130 negaruntslsrine
533 2040 596 2105 dici
625 2053 697 2106 tum
726 2044 891 2108 maxime.-
920 2041 1101 2106 nonenim

64 2131 232 2215 praeteriti
262 2127 422 2214 temporis
450 2150 516 2191 esse
547 2127 658 2190 ullam·
677 2130 859 2208 rationem,
888 2128 945 2191 sed
974 2137 1102 2191 tantum

65 2216 257 2300 praesentis.
299 2211 346 2274 lta
368 2213 520 2275 Graevius
539 2212 670 2296 quidem
696 2223 727 2276 et
749 2213 982 2299 Ziascrlingius
1005 2234 1103 2298 prae-

69 2307 237 2384 ceperunt.
287 2295 466 2358 Adversarii
490 2297 640 2358 exstitere
660 2293 902 2361 Freinshemius
933 2300 967 2360 in
992 2296 1103 2362 indice

69 2378 370 2460 librorum'Fiorss
394 2376 524 2443 Curtius
549 2379 589 2441 ad
612 2378 696 2442 Piin.
718 2380 821 2464 Epist.
845 2386 876 2453 9,
903 2386 953 2444 13.
977 2380 1102 2445 Duker.

68 2469 109 2531 ad
126 2469 213 2532 Flor.
230 2469 261 2544 2,
280 2467 329 2526 16.
345 2468 376 2528 3.
403 2462 692 2528 Drakenborchius
717 2465 757 2527 ad
779 2464 844 2526 Liv.
860 2468 912 2541 27,
931 2465 962 2545 4,
984 2470 1014 2527 2.
1038 2465 1104 2528 Er·

68 2553 191 2617 nestius
218 2553 252 2612 in
278 2549 375 2614 Clavi·
391 2548 456 2613 (iic.
505 2547 572 2613 Nec
595 2558 705 2613 tamen
732 2569 850 2634 magna
874 2569 941 2612 esse
967 2547 1105 2627 debebat

70 2634 298 2700 controversia.
342 2633 420 2699 Aliis
443 2633 529 2697 enim
556 2635 591 2699 in
616 2633 697 2698 locis
718 2655 786 2698 non
810 2631 985 2698 cohaerent
1007 2652 1105 2698 voca-

69 2723 144 2785 bula
163 2734 233 2786 mm
249 2720 415 2799 maxime,
436 2720 471 2783 in
487 2718 620 2806 reliquis
638 2729 746 2784 autem
769 2728 858 2784 recte
880 2719 1046 2797 dicuntur,
1068 2728 1106 2780 ut

70 2806 267 2894 significent,
291 2805 340 2870 vel
359 2806 417 2870 iiio
432 2805 641 2892 potissimum
656 2815 827 2891 ternpore,
849 2805 1024 2892 praecipue
1045 2802 1104 2890 illo

70 2904 220 2979 ternpore
237 2891 285 2956 vel
299 2890 357 2955 iilo
368 2899 639 2977 temporeexacte
656 2888 942 2978 definitmgerarie
956 2886 1078 2953 damal
1095 2931 1106 2952 .

68 2979 194 3044 Eodem
225 2977 326 3041 modo
347 2976 459 3040 dicunt
482 2999 521 3040 eo
543 2976 691 3039 maxime
714 2986 882 3061 tempore,
910 2984 946 3038 ut
968 2976 1038 3039 Liv.
1053 2979 1108 3054 31,

72 3066 124 3142 14,
139 3066 170 3125 4.
195 3087 232 3127 eo
246 3061 394 3126 maxime
408 3072 557 3146 tempore
572 3059 732 3148 Abydum
752 3081 794 3146 op
822 3082 842 3122 u
870 3058 994 3135 nabat,
1017 3057 1108 3145 qnod

70 3147 181 3234 paullo
197 3156 271 3230 post
288 3151 340 3225 18,
355 3153 387 3211 2.
404 3146 492 3234 quod
506 3157 577 3221 tum
590 3147 738 3211 maxime
751 3147 785 3211 A
797 3168 826 3232 y
852 3167 908 3209 um
924 3166 1108 3232 oppugan-

71 3242 134 3297 ret.
178 3230 242 3294 Sed
264 3240 392 3295 tantum
421 3230 591 3305 abest‚.ut
613 3252 689 3294 cum
714 3229 866 3295 Ernestio
890 3230 1108 3295 concedamus
1166 3304 1168 3311 Α

72 3328 146 3381 tam
162 3315 309 3379 maxime
324 3314 388 3378 dici
402 3337 466 3401 pro
487 3327 560 3379 tum
575 3326 723 3402 utquam
737 3316 903 3394 maxime,
925 3326 961 3377 ut
976 3335 1050 3376 curn
1067 3334 1107 3376 eo

71 3422 227 3488 negemus
247 3411 326 3464 tuac
341 3401 488 3463 maxime
503 3422 565 3485 pro
582 3410 661 3466 tuac
676 3400 767 3488 poni.
811 3401 970 3464 Codicum
992 3408 1108 3461 aueto-

72 3490 202 3552 ritatem
221 3506 288 3548 non
308 3485 550 3571 despiciendam
569 3506 655 3564 esse,
676 3495 877 3549 monuerunt
901 3483 1108 3571 Spaldingius

75 3573 186 3636 etalii.
232 3571 370 3656 Semper
391 3579 501 3632 tamen
524 3570 668 3633 m'nnebit
690 3570 848 3634 dubitatio
871 3580 902 3633 ct
924 3579 1109 3656 propterea,

64 3657 162 3740 ¹quod
180 3679 280 3743 quum
294 3654 442 3720 maxime
458 3656 553 3718 etiam
568 3657 602 3718 in
627 3656 674 3719 rei
689 3655 881 3741 praeteritae
905 3655 1109 3742 expositione

76 3740 222 3804 adhiberi
238 3753 366 3828 potest,
387 3751 419 3804 ct
436 3741 526 3826 quod
543 3741 576 3804 in
600 3740 761 3804 codicibus
783 3740 908 3806 litterae
929 3762 948 3804 c
971 3750 1001 3805 et
1024 3750 1038 3804 t
1062 3739 1110 3801 ei-

75 3825 232 3888 miilimee
246 3827 340 3891 scribi
356 3824 515 3890 solebant.
558 3824 656 3890 Recte
674 3848 750 3892 vero
767 3835 1014 3916 componuntur
1036 3846 1110 3891 rer-

74 3913 116 3976 ba
131 3921 202 3980 tum
218 3932 317 3996 qrrum
335 3912 492 3977 maxime.

178 4027 290 4083 Terent.
307 4029 419 4086 Pharan·
435 4030 463 4098 2,
481 4030 567 4103 len.
591 4030 754 4102 quamobrem
773 4040 871 4095 amaa,
892 4047 969 4100 paam
990 4029 1112 4082 madae
