2632 4770
504 152 519 163 -
534 108 650 179 lDEO.
1056 128 1117 193 179

60 269 204 415 geretur
215 260 256 329 at
267 283 310 328 eo
322 260 472 350 negotio.
518 261 610 344 Quae
626 262 784 330 formatio
802 268 1037 340 omnino-falsa
1056 288 1114 361 est,

92 347 192 413 auctii
207 347 248 413 ad
266 347 532 436 praepositiones·
551 351 687 414 omissas
711 349 898 438 refugientis
921 361 1115 443 opinionem

65 430 192 500 referre
211 435 315 522 piget.
358 433 464 497 Nemo
479 442 587 497 autem
610 435 742 520 negabit
764 437 841 502 ideo
867 441 990 507 duabus
1013 452 1114 533 parti·
1212 471 1215 478 ·

67 520 124 585 bus
155 531 320 584 constare.
346 560 350 570 ι
371 518 471 604 Atqui
493 518 532 582 id
558 531 589 583 et
612 545 649 584 eo
674 532 849 608 propterea
872 527 1022 594 videntur
1045 557 1114 602 esse

66 606 282 693 composita,
313 613 350 668 ut
381 607 423 670 in.
445 604 607 691 duplicata
638 608 775 671 notione
812 611 957 676 eiusdem
987 621 1113 701 generis
1129 576 1297 697 gemm

63 691 176 757 maior
192 700 225 754 et
243 690 427 755 distinctior
447 690 494 755 vis
512 691 690 756 exsisteret.
734 693 778 756 Id
802 697 891 759 enim
917 705 1113 774 noetrsativus
1172 702 1262 756 Μ

90 796 187 841 arum
205 775 315 867 differt
327 779 368 840 ab
384 799 443 850 eo,
469 776 749 860 quemadmodum
759 780 874 845 Graeci
892 780 1002 847 dicunt
1016 719 1316 863 vofiwssmu

60 798 139 931 i'id.
170 861 328 945 Sophocl.
355 861 438 924 Oed.
462 861 547 947 Tyr.
574 865 668 926 1005.
702 862 838 928 Terent.
862 867 921 930 Ad.
946 872 977 944 5,
1003 875 1034 946 8,
1059 829 1249 940 16]]Μίἰῖ
1289 916 1291 920 t

61 946 148 1013 idne
164 948 248 1012 estis
265 969 308 1010 aa
344 943 545 1010 oresmilri?
585 948 677 1026 Quae
699 948 784 1011 ratio
804 949 931 1034 effecit,
955 965 992 1018 ut
1012 957 1113 1048 idque
1168 954 1253 1016 Μ’

61 1034 162 1101 etiam
188 1033 311 1097 diceret
358 1031 448 1112 ,nbi
470 1030 609 1116 ideoque
638 1044 918 1119 exspectaremus,
950 1051 983 1103 et
1007 1043 1046 1107 id
1069 1037 1168 1097 ..etr
1227 1005 1311 1111 Β]

59 1118 156 1207 quic*
195 1139 235 1182 ro
260 1116 337 1181 ideo
353 1153 392 1167 -
413 1113 505 1203 quic.
532 1118 598 1180 vid.
622 1118 756 1182 Terent.
781 1121 883 1184 Andr.
904 1128 935 1201 2,
950 1130 981 1204 3,
996 1132 1027 1192 2.
1077 1100 1309 1234 Silssz'ffim

29 1192 40 1235 ¹
61 1225 144 1269 aero
161 1138 252 1283 iiiam
271 1203 356 1280 rim,
378 1223 479 1288 quam
498 1201 591 1266 afl'ert
606 1203 662 1282 id,
685 1205 820 1268 reddere
840 1207 1008 1292 volumus,
1029 1236 1186 1301 pro-p...
1201 1222 1316 1291 ...nst

59 1289 233 1365 nominate
254 1308 379 1353 nomen
404 1287 459 1351 vix
489 1290 612 1374 poterit
638 1287 796 1353 adhiberi.
852 1291 999 1358 Dicimus
1029 1294 1286 1375 ebea‘tejrtru‘ea

60 1374 203 1439 darum.
252 1374 371 1437 Graeci
394 1370 492 1438 simili
518 1375 662 1452 ratione,
685 1384 720 1436 ut
742 1374 915 1460 Euripides
938 1378 1011 1445 Ion.
1193 1369 1200 1389 '
1228 1381 1231 1389 '

60 1462 166 1551 (668.)
185 1461 268 1526 τοῦτ’
282 1461 343 1523 ἐκεῖ
349 1482 357 1526 :
378 1457 472 1546 quod
489 1480 558 1524 non
574 1471 645 1523 erat
662 1460 906 1544 corrigendum.

176 1578 341 1647 comparari
357 1583 468 1649 possunt
492 1576 624 1631 dictiones
648 1578 800 1646 pleonasmi
821 1581 929 1634 nomine
951 1581 1111 1659 designatae
1141 1648 1143 1653 ,

97 1708 101 1713 .
127 1662 210 1727 τίνος
232 1661 267 1732 δὴ
287 1657 371 1730 χάριν
390 1658 471 1717 ἕνεκα
492 1663 565 1730 apud
579 1663 737 1729 Platonem,
762 1660 835 1733 ἀμφὶ
851 1665 913 1734 περὶ
933 1666 1054 1738 anianae
1076 1675 1112 1728 dc

130 1747 231 1818 quibos
248 1749 322 1801 conf.
340 1750 488 1802 Hermann.
510 1748 546 1800 do
567 1745 666 1817 Ellipai
683 1755 714 1802 ct
727 1748 850 1804 Picenae.
868 1752 965 1819 p.2⁰l.
982 1755 1071 1825 (22⁰.)

147 1883 285 1950 Idcirco
299 1903 373 1953 rem
389 1907 458 1949 esse
472 1882 610 1965 indicat,
633 1881 673 1948 ad
688 1902 786 1972 quam
801 1884 928 1952 uliares
948 1890 1111 1959 referatur

65 1972 298 2058 sive·quacum
314 1971 375 2035 alia
398 1971 572 2035 cohaereat
589 1974 726 2040 caussati,
740 1993 848 2036 nexu:
873 1997 910 2037 eo
927 1985 1035 2041 autem
1055 1980 1110 2043 in·
1185 2032 1191 2045 .

63 2067 199 2123 ternum
223 2064 347 2121 nexur'n
363 2056 528 2143 ,exprimit
551 2076 698 2130 caussae,
736 2078 776 2120 ex
801 2080 864 2142 quo
886 2060 964 2144 quid
988 2085 1110 2148 prove-

62 2144 142 2209 stat.
192 2140 285 2206 Hauc
310 2163 455 2206 caussam
486 2162 563 2204 cum
595 2142 983 2229 grauiore'distinotione
1016 2159 1110 2215 notat

64 2228 155 2294 idco.
206 2227 448 2293 Ramshornius
470 2227 655 2290 Grammnt.
676 2249 710 2312 p.
727 2229 800 2291 851.
823 2249 897 2292 cum
919 2230 990 2294 aliis
1014 2256 1110 2298 oaus-

63 2336 133 2379 sam
151 2321 185 2376 et
202 2315 413 2383 occasionem
428 2313 460 2376 in
479 2312 529 2374 his
548 2310 712 2374 vocabulis
738 2312 924 2397 distinguit,
945 2336 1013 2378 non
1033 2322 1109 2384 satis

62 2409 241 2487 reputans,
268 2398 346 2463 haec
361 2398 444 2462 ratio
473 2396 499 2459 si
526 2395 632 2482 proba
656 2404 758 2476 esset,
780 2399 915 2484 proprie
936 2420 1011 2462 oum
1033 2404 1110 2469 ideo

63 2482 336 2571 coniungendam
359 2506 431 2547 esse
455 2479 636 2570 quoniam,
668 2483 759 2564 quod
778 2492 887 2545 tamen
911 2486 1015 2548 rarius
1038 2499 1111 2554 eta

63 2566 306 2637 recentioribus
335 2567 549 2656 scriptoribus
572 2566 793 2650 componitur.
843 2566 950 2633 Latini
975 2573 1112 2640 veroin

63 2655 192 2741 vulgari
213 2676 272 2719 usu
291 2655 466 2719 discrimen
481 2651 561 2715 ittua
586 2650 734 2715 subtilius
759 2674 829 2716 non
854 2653 1025 2740 diligenter
1049 2681 1110 2723 cu-

67 2751 203 2818 rarunt,
233 2739 451 2809 ideooodem
479 2735 659 2824 significatu
686 2759 812 2824 ponere
833 2737 939 2818 soliti,
963 2763 1027 2825 quo
1054 2745 1111 2808 ict-

63 2826 155 2901 circo
172 2826 302 2890 dicitur.
346 2827 456 2905 Quare
473 2845 588 2887 omnes
608 2821 677 2886 fere
695 2823 846 2887 dictionis
862 2823 1001 2907 formae,
1017 2850 1109 2915 „quae

62 2911 260 2979 iu.a'dcirco
279 2911 488 2991 notavimus,
525 2905 648 2971 habent
675 2909 771 2972 etiam
795 2909 829 2972 in
858 2909 935 2974 ideo
960 2916 1109 3002 exempla

30 3010 33 3017 '
66 2994 196 3069 similia.
252 2997 347 3076 ⁴Quae
377 3017 456 3060 vero
478 2992 657 3058 similitudo
683 2994 770 3058 inter
792 3017 832 3059 eo
853 3005 883 3059 et
909 2995 985 3061 idco
1005 3000 1110 3064 inter-

68 3083 182 3252 cedat),
211 3080 285 3146 vide
305 3081 394 3168 apud
415 3077 673 3146 Varronem‘de
696 3079 821 3168 Lingua
853 3079 908 3146 lat.
930 3084 950 3146 4
958 3108 968 3166 5
994 3091 1023 3150 1.
1050 3087 1105 3170 (5,

66 3172 101 3252 1,
127 3169 189 3232 5..

24 3334 45 3364 ,ι
89 3356 92 3361 ,
153 3299 185 3357 1.
211 3287 431 3380 Compouitur
446 3292 545 3377 igitur
559 3286 638 3355 ideo
654 3311 729 3354 curn
745 3286 896 3357 relativae
912 3293 1111 3360 enuntiatio·-

64 3380 114 3445 nia
131 3377 234 3445 attera
253 3389 357 3464 parte.
401 3376 655 3447 Coniunctiones
678 3388 754 3439 sunt
777 3376 884 3462 quod,
906 3381 1007 3465 qaia,
1028 3405 1111 3468 quo.

63 3466 182 3540 niam,
204 3461 284 3527 haec
302 3463 433 3548 quidem
457 3480 618 3546 nusquam
634 3462 720 3548 apud
743 3462 941 3549 antiquiores
966 3468 1111 3554 scripta·-

65 3569 117 3617 res
128 3549 251 3624 obvia,
272 3548 345 3616 illae
360 3558 469 3612 autem
483 3546 584 3611 etiam
598 3546 686 3634 apud
704 3558 830 3636 poetas.

172 3669 260 3723 Varro
277 3669 311 3722 de
328 3669 371 3724 Ra
384 3685 409 3722 r.
427 3668 453 3734 2,
468 3667 494 3732 6,
508 3664 534 3721 b.
552 3664 609 3720 ideo
621 3668 690 3736 qaod
702 3667 816 3738 plerique
830 3668 987 3722 deducantur
1005 3671 1041 3724 cd
1055 3689 1112 3724 mo·

98 3790 103 3803 .
133 3754 185 3807 lca.
219 3753 278 3807 cte.
300 3768 328 3822 p.
343 3755 425 3806 Roac.
438 3753 498 3807 Am.
511 3751 554 3819 311,
569 3750 611 3805 85.
629 3755 686 3807 idco
707 3752 775 3823 qaod
796 3755 899 3806 tametsi
920 3755 1033 3806 veritatis
1056 3762 1114 3809 erut

130 3838 249 3902 amicus,
290 3843 379 3892 tameo
417 3846 514 3891 notura
557 3851 606 3890 nou
645 3846 698 3890 tam
728 3854 868 3907 propensae
893 3839 939 3890 -cd
971 3840 1113 3891 misericor-

133 3922 209 3978 dicer
223 3923 488 3981 ’1ῡίίῖ6ὗοῐαῖυηὶῑᾶ
502 3923 579 3978 Fam.
598 3922 624 3993 1,
637 3920 672 3989 8,
682 3921 724 3976 ll.
737 3939 773 3977 ,re
786 3923 887 3989 quidem
900 3923 961 3990 ipsa
976 3924 1033 3977 idco
1048 3922 1113 3975 milei

781 4007 861 4068 12*
