2632 4770
10 986 15 1031 Ι
57 1004 111 1113 In
136 1033 231 1102 libris
254 1034 384 1126 seriptis
408 1034 591 1104 interiectio
619 1033 770 1104 dolorem
795 1047 829 1106 ‘et
850 1034 1106 1129 indignaiiouem

59 1125 209 1189 indicans
224 1125 413 1211 saepissime
437 1124 557 1212 legitur
578 1126 624 1188 lm
640 1136 673 1188 et
694 1126 767 1189 laulz
788 1144 852 1213 pro
871 1128 926 1191 alr.
971 1124 1005 1191 ld
1030 1135 1105 1215 qui—

56 1209 136 1273 dum
160 1211 366 1295 grammatici
390 1202 638 1296 improbabant:
672 1209 712 1274 de
736 1231 800 1296 qua
821 1232 858 1275 re
880 1213 957 1275 satis
981 1215 1105 1281 dietum

59 1302 107 1359 est
122 1292 230 1357 Tum.
250 1301 276 1358 1.
294 1315 329 1383 p.
344 1300 418 1359 213.
462 1292 552 1359 Nihil
567 1305 677 1359 aulem
701 1294 869 1360 absurdius
893 1298 957 1360 diei
977 1310 1106 1385 poterat

57 1402 96 1443 ea
119 1379 298 1464 opinione,
333 1402 399 1465 qua
427 1378 631 1445 Gebhardius
656 1380 824 1465 Crepund.
851 1387 890 1460 2,
917 1388 949 1446 2.
984 1385 1105 1471 ubique

58 1463 189 1528 restitui
214 1463 345 1528 iubebat
363 1466 431 1529 lea:
450 1465 542 1550 quod
569 1487 610 1529 nn
635 1458 792 1550 nmquam
816 1488 833 1529 a
855 1467 1016 1532 veteribus
1040 1470 1104 1533 hoe

59 1549 246 1612 lamentoso
268 1549 365 1613 sensu
387 1558 583 1636 usurpatum
607 1547 721 1623 fuerit,
749 1551 895 1634 primum
920 1564 987 1616 erar,
1004 1575 1106 1640 quae-

60 1634 213 1697 rendum.
263 1628 335 1697 Iam
361 1640 459 1721 Casp.
481 1634 633 1698 Barthius
658 1633 697 1696 ad
722 1635 803 1696 Stat.
834 1635 942 1698 Theb.
969 1644 1006 1715 2,
1028 1641 1103 1703 350.

61 1716 142 1781 bene
159 1718 413 1796 demonstravit,
437 1720 584 1805 quamvis
605 1719 729 1783 librarii
746 1740 842 1781 suum
865 1740 997 1783 morem
1020 1725 1105 1786 anri-

62 1805 133 1889 quis
151 1804 372 1888 scriptoribus
392 1800 613 1876 affiaxissen'1‚
631 1812 741 1871 lamen
766 1804 815 1866 lan
832 1822 1016 1887 numquam
1039 1807 1104 1870 do·

62 1887 166 1951 iorem
182 1889 371 1974 exprimere
392 1901 447 1952 aut
470 1887 728 1951 miseraiionem.
770 1887 875 1972 Asper
895 1887 1005 1951 iunior
1023 1892 1104 1975 qui-

65 1974 134 2037 dem
164 1997 198 2060 p.
230 1976 325 2037 1736.
344 1970 571 2072 prohibentis,
602 1982 639 2035 ul
661 1971 708 2034 uli
728 1970 792 2051 uli,
816 1982 878 2034 unt
900 1990 1104 2059 conqueren-
1201 1981 1203 1984 ’

63 2060 122 2138 lis,
144 2068 182 2121 at
197 2058 277 2121 lrala.
320 2058 566 2122 Lindemannus
586 2074 664 2120 vero
688 2055 871 2141 suspicatur
891 2056 1104 2125 scribendum

63 2165 127 2207 esse
145 2143 257 2229 primo
275 2142 351 2205 loeo
367 2142 433 2222 hu,
459 2143 560 2207 altera
574 2140 647 2205 ula..
675 2141 885 2214 Assenlirem,
907 2143 934 2205 si
953 2142 1105 2233 exemplo

27 2266 33 2289 ÷
63 2226 150 2291 iuius
167 2227 374 2291 dictionislaa
390 2247 524 2313 usquam
543 2221 749 2290 invenissem.
781 2224 866 2289 Nam
880 2227 967 2310 quod
986 2248 1102 2293 omues

64 2312 244 2377 lerieorum
261 2323 412 2377 auctores
456 2324 508 2376 ost
528 2306 613 2375 Rob.
637 2308 842 2397 Stephanum
863 2320 895 2373 el
913 2307 1104 2378 Trebellio-

40 2424 43 2431 ·
64 2418 139 2463 nem
156 2418 223 2461 uno
234 2394 332 2483 ¹quasi
349 2332 548 2472 eradicant,
567 2397 615 2460 lea
634 2392 981 2481 esseinrerieelionem
996 2401 1104 2463 norri-

63 2482 181 2571 pienlis
204 2482 273 2547 sive
296 2482 524 2563 admonentis,
547 2503 589 2544 ne
610 2479 689 2565 quid
713 2475 787 2560 fiai,
811 2497 893 2543 neve
913 2483 985 2564 quis
1009 2484 1043 2546 in
1066 2504 1104 2548 re

64 2576 178 2655 coepta
199 2567 448 2654 progrediatur:
478 2566 512 2631 id
543 2552 635 2628 nudo
665 2565 880 2649 amiquorum
903 2568 1103 2652 sa’iipiorum

63 2672 155 2717 exem
183 2652 215 2715 lo
233 2651 482 2740 comprobatur.
526 2646 611 2738 Nam
627 2649 715 2737 apud
733 2646 885 2713 Plautum
906 2648 1000 2737 Gapt.
1018 2656 1101 2734 1,2,

64 2744 114 2802 89.
193 2748 256 2801 ost.
277 2743 316 2816 8,
334 2743 461 2816 2,123.
493 2732 590 2800 Trio.
604 2736 644 2814 4,
660 2736 699 2815 5,
716 2735 767 2799 53.
790 2734 918 2798 codiees
943 2737 1103 2822 praebent

63 2825 118 2887 alr.
155 2824 267 2901 Quare
283 2822 411 2889 viderur
423 2818 633 2886 scribendum
647 2842 718 2885 esse
732 2816 821 2908 apud
836 2822 997 2906 Asperum
1014 2824 1103 2887 alias

64 2909 184 2994 dequo
201 2906 275 2971 vide
290 2904 394 2972 Tem.
411 2914 440 2972 1.
455 2926 489 2995 p.
505 2910 580 2971 218.
938 2940 940 2947 ·

141 2990 248 3056 Halm
268 2999 301 3055 et
320 2994 480 3062 haleulia.
501 2999 535 3055 ei
559 2990 720 3055 laulmlru'e
741 2985 808 3052 sive
829 2983 963 3054 bullulae
989 2987 1102 3055 riden-

62 3076 143 3140 tium
165 3077 419 3143 exclamationes
439 3083 531 3151 sunt,
563 3096 648 3162 quae
672 3081 830 3138 uoluatur
851 3074 949 3138 etiam
974 3098 991 3139 a
1017 3072 1101 3140 iulio

63 3158 213 3227 Romano
229 3163 315 3249 apud
332 3160 461 3229 Charis.
476 3167 592 3248 ρ.213.
614 3158 808 3225 aPriseiano
825 3181 858 3243 p.
877 3162 970 3225 1024.
986 3160 1099 3225 aMoe-

64 3246 236 3311 Victorino
261 3270 296 3334 p.
314 3252 405 3314 1954.
432 3273 451 3313 a
473 3244 582 3311 Probo
608 3267 643 3332 p.
661 3246 752 3309 1430.
794 3242 843 3309 lbi
865 3266 953 3311 nune
977 3246 1100 3311 Linde-

63 3350 203 3395 mannus
221 3351 240 3396 e
255 3331 367 3401 codiee
387 3331 488 3398 edidit
504 3332 684 3404 balerslene,
708 3325 987 3416 quemadmodum
1012 3328 1099 3417 apud
1159 3376 1163 3384 ,

62 3413 199 3481 Terent.
234 3417 369 3484 Phorm.
388 3424 425 3493 2,
441 3424 479 3492 8,
494 3421 549 3481 64.
571 3414 655 3480 Eun.
678 3420 717 3495 -3,
733 3415 773 3495 3,
797 3418 849 3479 36.
871 3410 985 3491 Heaui.
1011 3419 1098 3497 5,1.

64 3506 113 3566 13.
140 3501 271 3589 legitur.
323 3501 386 3569 Sed
409 3505 489 3567 Hes.
507 3504 546 3582 5,
567 3505 606 3580 4,
631 3504 684 3564 22.
705 3520 773 3562 non
803 3509 1019 3564 correxerunt
1044 3501 1097 3574 lae,

61 3604 120 3650 nee
146 3586 234 3674 apud
258 3589 362 3653 Plaut.
384 3586 485 3653 Poen.
507 3593 546 3665 3,
569 3589 607 3660 5,
624 3590 676 3648 23.
701 3581 1018 3666 etTrue.2,1,1.
1042 3583 1099 3649 ubi

61 3672 218 3756 quaedam
239 3672 397 3739 editiones
414 3674 566 3738 haleulia.
609 3670 651 3733 Et
669 3665 841 3733 Diomedes
862 3691 896 3756 p.
915 3671 988 3734 412.
1011 3690 1099 3755 quo-

85 3779 124 3821 ue
147 3767 180 3819 et
208 3758 364 3823 Aleuinus
396 3783 431 3846 p.
461 3760 557 3824 2141.
586 3755 773 3840 simplicem
796 3757 940 3825 vocalem
963 3753 1097 3820 habent.

61 3779 123 3905 ded
142 3834 217 3929 ipse·
230 3842 368 3921 Probus,
385 3838 590 3910 interiectio,
615 3840 739 3925 inquil,
760 3838 945 3926 compositu
959 3838 1098 3927 syllabis

60 3922 168 3990 ollam
187 3928 323 3994 liulmlre
337 3930 461 4018 longus
477 3927 615 4012 recipit,
639 3948 751 3989 verum
771 3927 808 3988 in
830 3927 955 3990 comico
969 3929 1098 3991 carmi·
1173 3934 1179 3945 “
1214 3953 1216 3958 ·
1305 3926 1311 3957 ”

61 4032 101 4076 ne
118 4010 195 4160 iiio
215 4015 377 4083 collocari
394 4026 527 4104 potest,
549 4010 618 4076 leni
643 4010 771 4109 scilicet
780 4023 827 4158 1et
849 4012 969 4077 lmmili
992 4019 1025 4076 et
1047 4009 1098 4076 iu·
