2632 4770
155 240 220 305 068
575 234 778 306 MVLTVM.

267 389 348 459 Quod
367 389 396 443 ln
414 386 534 457 Epitom.
552 386 613 441 nir.
627 390 691 443 tur.
707 388 751 444 tt.
777 388 845 443 olim
867 390 1035 457 denotentur:
1060 398 1199 455 aestatim

223 476 346 529 adoerm
362 476 510 544 eruptione·
523 475 632 527 batim
640 476 756 543 feliciter
767 476 906 545 pigucrit.
940 474 1107 535 iamdudum
1131 483 1199 537 eodi-

221 578 283 613 cnm
298 558 462 613 anctoritate
479 563 520 611 ert
533 557 714 611 emendatum.
1130 602 1134 609 .

259 647 397 713 interpres
419 640 525 693 Navali.
545 642 641 695 luetin.
664 643 808 697 Constituit.
822 642 866 697 20.
880 642 974 697 Praei.
997 646 1034 697 de
1054 648 1198 717 Aquileiae

220 746 286 797 quoe
300 729 426 781 multatim
439 725 573 795 cornipeta
587 728 666 781 etiarn
681 730 764 799 regiis
778 734 906 781 eoum
917 734 1070 800 rmaeperit.
1095 734 1197 791 Nonii.

218 811 280 867 12⁵.
295 813 389 865 natur
400 812 460 864 licet
469 827 519 879 pro
533 812 627 865 nardo
641 814 789 867 materiem
800 814 831 865 r’a
851 815 957 883 privata
977 824 1028 871 art
1049 819 1078 871 in
1097 822 1197 889 peritior

217 898 301 952 111111
313 894 469 961 numan,
484 899 570 949 mm
582 914 633 949 aaa
647 898 731 950 terreri
741 898 881 951 aenaim.

497 1047 757 1133 MVLTV
767 1051 836 1136 M.

231 1188 281 1252 De
308 1182 554 1270 significatione
570 1196 603 1249 et
624 1206 687 1249 uru
706 1188 854 1253 adieetiri
876 1190 1023 1253 multum
1052 1209 1126 1253 non
1149 1200 1190 1253 ert

148 1271 247 1336 nobie
267 1272 320 1336 hic
336 1271 523 1335 dicendum.
565 1270 629 1335 Sed
645 1284 800 1337 neutrum
823 1274 921 1339 etiam
948 1294 1013 1361 pro
1038 1272 1189 1338 adverbio

148 1355 308 1422 habemur
326 1378 363 1420 ea
380 1357 516 1431 ratione,
540 1378 604 1442 qna
617 1359 791 1423 accusativi
807 1360 1027 1425 adverbiaiem
1047 1362 1187 1446 speciem

149 1452 183 1506 et
197 1444 262 1508 vim
279 1441 451 1526 recipiunt.
495 1440 546 1506 Cf.
565 1441 717 1508 Priscian.
733 1446 783 1509 16.
802 1466 835 1529 p.
854 1450 945 1509 1013.
971 1454 1060 1509 extr.
1083 1444 1186 1509 Kritz.

148 1528 190 1593 ad
208 1527 340 1593 Sallust.
354 1525 423 1613 lug.
438 1531 470 1607 5,
485 1529 517 1591 4.
564 1571 575 1590 .
591 1530 643 1591 et.
686 1528 799 1615 ltaque
814 1550 890 1593 cum
911 1531 980 1595 aliis
996 1530 1187 1595 nominibus

146 1614 373 1702 componitur.
413 1615 520 1697 Atque
539 1548 623 1677 Eaeo
645 1613 881 1679 vocabulorum
907 1615 1117 1680 consociatio
1132 1626 1186 1696 eet,
1213 1658 1216 1665 ·

146 1721 229 1787 quae
246 1699 344 1764 etiam
360 1696 633 1783 significationem
648 1700 825 1765 immutare
841 1703 955 1787 poerit.

230 1806 260 1865 1.
289 1798 512 1885 Componitur
534 1801 634 1887 igitur
658 1800 801 1864 meritum
822 1822 896 1865 cum
920 1822 1026 1887 caepe
1058 1811 1091 1865 et
1116 1789 1181 1881 dcii,

143 1883 248 1949 modo
263 1894 300 1947 ut
315 1882 538 1971 frequentatae
554 1886 600 1949 rei
625 1884 754 1949 adiiciat
771 1888 938 1974 copiosam
962 1897 995 1950 et
1019 1887 1182 1974 multipli-

143 1992 234 2051 cem,
257 1968 360 2034 modo
375 1980 412 2034 ut
428 1972 536 2056 ipsum
551 1969 710 2057 significet
725 1992 796 2035 rem
812 1993 906 2059 caepe
929 1982 962 2035 et
977 1970 1036 2034 diu
1053 1971 1181 2037 factam.

143 2056 229 2121 Hinc
252 2055 411 2141 quaedam
429 2054 612 2140 pleonasmi
634 2057 741 2120 oritur
763 2056 924 2145 elegantia.
968 2055 1122 2121 Kritziue
1144 2054 1181 2121 ad

61 2168 64 2179 ·
143 2140 274 2206 SoJlnat.
296 2139 362 2226 [ug.
381 2145 416 2215 1,
433 2142 465 2204 5.
496 2141 536 2205 de
558 2160 670 2205 caussa
691 2161 867 2226 quaerens,
900 2141 978 2207 dicit
999 2144 1180 2209 accusativo

142 2224 284 2313 exprimi
308 2225 502 2289 sententiam
527 2236 678 2311 reapectu
708 2226 893 2303 crudorum
918 2248 1055 2309 rerum,
1085 2239 1126 2293 ut
1146 2226 1206 2291 ia·

140 2310 256 2376 multia
262 2304 331 2396 fit:
354 2331 421 2395 quo
435 2332 551 2397 parum
562 2321 617 2376 aut
630 2310 713 2374 nihil
728 2311 925 2379 declaratur:
945 2334 1026 2377 nom
1039 2313 1181 2377 muleram

140 2418 211 2461 non
236 2394 370 2483 proprie
396 2394 574 2482 significat,
603 2405 724 2481 quanta
745 2398 789 2461 ait
810 2422 881 2480 rea,
902 2397 959 2462 aed
984 2399 1178 2485 quotuplex,

139 2481 240 2568 idque
256 2480 421 2567 duplicem
438 2480 534 2547 habet
554 2483 737 2559 rationem,
761 2494 793 2546 et
806 2506 917 2549 rerum
931 2483 1086 2569 ipsarum
1101 2503 1177 2572 quae

140 2579 218 2631 sunt
242 2576 272 2629 et
292 2587 374 2651 quae
399 2577 565 2654 apparent.
606 2565 685 2631 lllae
711 2568 799 2633 enim
820 2580 897 2634 suut
918 2566 1044 2633 multae
1069 2578 1102 2633 et
1124 2590 1176 2632 co-

139 2653 272 2742 piosae,
293 2651 355 2714 hac
375 2663 483 2716 autem
499 2673 595 2738 saepe
610 2650 705 2714 fiunt.

250 2753 306 2806 cio.
322 2752 399 2805 Brut.
415 2750 457 2816 34,
474 2752 533 2807 128.
553 2755 582 2809 P.
600 2755 702 2823 Scipio,
717 2754 763 2823 'pur'
785 2760 823 2806 eat
845 2755 874 2805 in
894 2754 1032 2806 mentera
1051 2762 1173 2816 mortuae,

204 2856 256 2889 aaa
270 2838 378 2888 multam
394 2838 438 2889 itte
453 2839 564 2904 quidem,
579 2856 624 2891 uec
635 2854 712 2907 coepe
723 2840 828 2892 dicebat.
844 2838 862 2890 i.
878 2855 901 2891 e.
917 2856 971 2890 nou
985 2839 1107 2906 capione,
1125 2854 1174 2890 noa

204 2919 296 2973 multis
308 2920 409 2973 rerbir.
444 2918 488 2985 9⁰,
502 2920 562 2973 310.
577 2923 654 2990 idque
661 2923 790 2989 faciebam
806 2925 916 2976 muttum
930 2924 1008 2977 eticae
1023 2924 1117 2989 latiae,
1132 2924 1172 2976 rod

201 3023 296 3075 graece
310 3005 421 3074 saepiae.

246 3087 303 3140 Cic.
319 3088 352 3139 de
370 3089 428 3140 lar.
450 3087 561 3153 1,1,1.
585 3105 662 3159 coepe
684 3097 709 3143 et
732 3091 842 3141 multum
864 3091 911 3142 troo
932 3108 1031 3145 mecum
1054 3091 1170 3162 cogitaui.

203 3190 229 3240 p.
243 3173 349 3224 cluent.
364 3171 408 3236 71,
421 3171 480 3224 201.
500 3170 615 3242 delieg.
630 3174 657 3239 3,
671 3172 715 3239 15,
728 3173 770 3229 03.
787 3175 894 3228 multum
909 3181 934 3228 et
950 3193 1028 3244 aaepc
1046 3177 1169 3244 quaesita.

202 3276 228 3326 p.
243 3258 335 3323 Quint.
350 3258 376 3323 1,
391 3258 418 3311 3.

245 3340 581 3407 cte.0rat.1‚1.urrum
603 3345 736 3411 difficilius
758 3353 805 3398 out
826 3346 911 3397 moiue
931 3352 994 3397 estet
1010 3362 1110 3416 negare
1125 3343 1166 3397 1111

198 3427 300 3494 rocpiua
315 3428 384 3479 idem
401 3429 523 3497 roganti,
541 3446 576 3480 on
591 3431 692 3496 efficere
707 3430 750 3493 id,
768 3431 834 3496 quod
846 3445 971 3498 rogarer,
987 3429 1037 3481 diu
1050 3432 1164 3483 malton·

138 3564 143 3572 ,
198 3526 261 3577 que,
278 3512 365 3575 Brute,
381 3513 508 3565 dubitaui.
541 3511 795 3581 1310120281.
812 3514 951 3580 deCopua
965 3515 1079 3566 multum
1093 3517 1162 3568 ertet

197 3593 244 3645 diu
258 3597 408 3648 consultum.
442 3595 502 3649 niv.
516 3595 561 3662 42,
577 3595 659 3661 25,9.
684 3598 794 3651 nucitum
810 3613 841 3648 uo
862 3596 908 3648 diu
929 3597 1105 3664 vociferatum
1125 3614 1164 3649 re-

195 3677 375 3811 pertizpcctero
389 3682 431 3733 die
444 3681 554 3736 iaarierc.
587 3680 630 3747 28,
644 3678 688 3746 26,
701 3683 726 3736 2.
761 3681 804 3734 01.
822 3680 992 3748 Oudendorp.
1011 3683 1050 3735 ad
1064 3680 1163 3735 Cieda

210 3776 254 3812 ur.
287 3762 353 3824 ,lu

210 3857 242 3917 2.
257 3853 350 3952 'Cum
366 3854 468 3942 longe
484 3858 691 3944 coniungitur
708 3880 745 3923 ea
767 3859 904 3938 ratione,
921 3878 1023 3945 quam
1048 3882 1083 3947 p.
1092 3859 1164 3924 650.

127 3958 276 4027 exposui.
621 3954 625 3959 ·

209 4044 240 4106 3.
264 4039 436 4107 Adiectivis
452 4051 484 4107 et
503 4041 680 4131 participiis
695 4044 930 4132 praeponitur,
947 4053 986 4111 ut
1008 4043 1099 4111 idem
1123 4040 1163 4107 ait
