2632 4770
144 250 209 317 664
403 241 720 311 uvt'rlramatt.
760 244 931 317 MVLTO.
1036 244 1041 251 ’

227 397 349 463 Plinius
366 395 433 458 boo
447 396 637 462 adverbium
655 399 867 485 praemittere
884 402 1018 469 solebat
1042 410 1193 475 nomini·

146 488 207 551 bus
223 496 347 560 terrae,
368 481 458 545 euius
474 483 507 545 in
529 482 609 546 loeis
631 481 746 547 multis
768 485 890 573 aliquid
910 487 984 554 lieri
1013 491 1193 561 dicendum

143 581 223 639 erat.
264 570 347 633 Hist.
360 589 394 629 u.
410 569 461 642 18,
483 571 531 643 18,
547 569 601 632 57.
620 567 852 657 multifariam
872 574 910 638 in
930 573 1061 641 Italia.
1093 584 1128 663 9,
1143 584 1191 663 67,

142 662 195 725 88.
215 652 447 744 multifariam
461 651 499 715 in
513 650 634 717 Ponto.

221 740 315 805 Idem
330 736 451 802 Plinius
466 732 661 825 multifarie
673 739 776 805 semel
800 741 922 810 dixisse
938 743 1069 813 ridetur
1096 754 1147 828 18,
1160 754 1190 835 7,

143 830 195 909 10,
209 831 241 892 3,
258 823 362 912 panis
379 819 570 909 multiforia
589 834 623 889 et
644 846 663 889 e
681 824 778 890 milio
792 823 863 925 fil,
882 852 902 895 e
917 831 1053 916 punico
1073 857 1189 904 rarus.

163 912 232 977 uod
254 932 322 976 esse
346 917 458 995 potest
480 916 513 973 et
535 909 652 974 mltis
675 909 713 974 in
735 910 818 977 lours
841 922 875 981 et
888 915 1046 984 mudum.
1091 922 1187 1009 Apud

141 936 291 1062 doliuum
309 1001 359 1059 11.
378 992 459 1078 (18.)
474 1014 573 1059 nemo
587 993 760 1061 mirabitur
777 996 844 1065 hoo
860 999 1073 1086 adverbium,
1099 1008 1186 1073 ouius

140 1082 299 1149 adieetivo
317 1075 441 1145 Gellius
457 1078 559 1145 utitur
573 1083 604 1156 5,
615 1084 647 1145 6.
677 1079 717 1146 ln
731 1081 828 1150 Plinii
843 1082 917 1151 loro
928 1085 1085 1157 dubitare
1101 1091 1183 1159 lieet.

515 1251 802 1343 MVLTO.

165 1426 170 1433 -
219 1387 250 1446 1.
272 1379 465 1458 Rationem,
486 1400 550 1465 qun
573 1378 731 1446 ablativus
749 1384 856 1450 multo
877 1384 1045 1451 adieetivis
1069 1401 1107 1454 et
1124 1392 1182 1457 ad·

139 1465 258 1535 verbiis
277 1466 446 1547 adiicitur,
470 1475 502 1529 et
520 1467 662 1552 speeiem
679 1467 822 1535 adverbii
840 1469 880 1535 ad
904 1472 1095 1559 augendam
1117 1478 1179 1544 vius

137 1553 316 1621 verborum
334 1550 588 1637 comparationis
605 1551 722 1634 induit,
745 1575 817 1619 non
830 1574 952 1643 operae
965 1560 1115 1644 pretium
1132 1564 1179 1629 vi·

137 1640 234 1706 detur
252 1636 365 1702 multis
382 1657 558 1722 exponvve.
601 1638 731 1717 Vnum,
749 1638 792 1705 de
814 1660 915 1727 quoe
937 1664 1012 1724 eur,
1032 1643 1069 1709 iu
1089 1667 1179 1714 oom-

135 1725 303 1825 positione
324 1721 503 1787 verbornm
521 1722 666 1808 positum
693 1734 752 1791 ost.
793 1727 900 1813 Atque
915 1664 1070 1816 iegitime
1096 1755 1178 1799 eon-

135 1811 283 1899 rungitur
297 1806 404 1872 multo
427 1827 503 1870 oum
526 1808 719 1874 nominibus
739 1810 977 1901 eompsrstiris.
1020 1814 1179 1887 Germani

137 1898 320 1986 loquuntur
332 1912 390 1957 am
409 1889 449 1954 V
444 1891 527 1957 isles
543 1901 576 1956 et
596 1891 650 1959 bei
662 1895 814 1973 weitem,
837 1897 929 1984 quod
944 1907 993 1963 est
1009 1890 1131 1989 louge.¹

236 2013 350 2068 uersat
360 2012 430 2064 Em.
444 2008 472 2075 4,
486 2010 513 2074 5,
525 2008 553 2064 5.
569 2022 638 2068 aena
651 2023 680 2067 te
694 2016 796 2084 quidam
808 2019 854 2087 pol
867 2019 947 2071 multo
961 2018 1084 2075 hilarior.
1120 2022 1176 2076 cle.

200 2098 326 2153 daOret·
342 2096 369 2160 1,
385 2093 469 2160 812.
491 2096 572 2147 multo
593 2104 678 2151 maa
693 2100 829 2168 pauciores
850 2108 964 2155 orosam
985 2122 1067 2172 quoru
1084 2114 1177 2175 poetes

200 2180 434 2250 bonireperientsr.
467 2177 736 2248 Quintillum
757 2191 786 2236 st
799 2186 1039 2253 nulloinflmior,
1058 2190 1103 2243 ila
1125 2192 1176 2245 nli-

136 2276 141 2285 ’
199 2272 322 2336 quaram
336 2262 451 2317 leeidlor.
476 2262 519 2327 12,
537 2264 580 2328 18,
594 2263 636 2317 tt.
650 2283 702 2336 ego
718 2267 835 2337 aliquid,
855 2288 904 2323 ooo
922 2272 1005 2325 multo
1021 2281 1120 2340 tamem
1137 2274 1177 2331 el·

199 2351 252 2404 tiss
269 2377 304 2386 —
322 2349 460 2401 inueniam.
492 2346 593 2401 cleda
608 2348 709 2416 Dim,
724 2349 768 2414 15,
783 2349 826 2404 85.
842 2355 908 2406 ulad
922 2372 981 2407 vero
998 2359 1083 2410 molto
1098 2359 1176 2412 atim

199 2435 297 2489 melisa.
331 2430 392 2484 laiv-
408 2431 453 2497 88,
468 2431 511 2498 49,
526 2433 570 2485 11.
583 2435 664 2503 plum
678 2436 767 2489 multo.
794 2436 984 2492 vdllrnlreub.
999 2441 1037 2495 ud
1047 2441 1074 2506 1,
1081 2440 1128 2507 48,
1135 2440 1159 2495 d.

235 2534 458 2598 Tarentnas,
473 2534 508 2599 2,
524 2533 568 2587 41.
596 2553 657 2589 sune
677 2538 728 2589 lior
744 2540 826 2591 multo
844 2541 952 2608 propius
969 2541 1027 2594 ibis.
1065 2544 1126 2597 cta.
1142 2544 1174 2596 ds

200 2621 263 2676 Not.
280 2622 305 2673 d.
320 2619 348 2684 2,
362 2620 405 2683 22,
421 2618 463 2671 51.
479 2621 508 2672 id
522 2620 603 2671 multo
618 2622 784 2689 artificiosius
800 2631 924 2678 naturum
946 2628 1063 2694 efficere.
1098 2630 1181 2682 caes·

200 2706 270 2758 Bell·
284 2705 351 2774 gell.
366 2703 393 2768 o,
409 2702 453 2755 42.
470 2705 551 2757 avebo
566 2706 645 2757 etium
659 2708 777 2775 amplius.

231 2806 354 2860 Lucilius
372 2806 442 2875 opud
458 2806 575 2860 Nouium
587 2804 614 2872 4,
629 2804 690 2861 25⁰.
708 2811 847 2879 improbior
863 2812 960 2875 assito,
979 2828 1060 2878 qenes
1078 2813 1114 2866 ds
1127 2830 1173 2881 qso

196 2894 308 2947 diximus
322 2900 391 2945 aare.

230 2997 273 3048 De
290 2993 382 3046 verbis
397 2996 594 3066 multomagis,
610 2998 690 3050 naslta
704 2997 789 3050 miens
807 2997 870 3050 vide
886 2997 913 3049 iu
929 2997 973 3050 bis
987 2996 1093 3051 verbis.

227 3096 490 3162 Praetereaque,
498 3097 539 3151 82.
550 3099 572 3150 is
578 3116 661 3151 sesam
668 3099 773 3152 obduxit
781 3100 912 3153 mulierem
920 3101 993 3153 band
1001 3102 1085 3153 molto
1092 3102 1169 3169 prius.

228 3199 289 3252 Liv.
304 3200 330 3264 1,
347 3199 390 3265 28,
405 3200 448 3252 11.
464 3203 593 3270 postulare
607 3205 686 3256 multo
702 3203 835 3256 minaciter
849 3204 937 3273 magis
950 3221 1032 3273 quom
1049 3202 1170 3273 supplici·

193 3293 249 3348 ter,
266 3293 296 3337 nt
307 3292 421 3340 senatum
435 3294 563 3341 uocarent.

229 3386 370 3450 Lucrat.5‚
379 3385 438 3438 545.
455 3389 560 3441 laedunt
571 3390 698 3457 permulto
711 3405 787 3458 saepe
801 3390 911 3442 minora.
934 3388 1061 3441 Muerob.
1070 3390 1166 3442 Somm.

196 3473 272 3541 Soip.
288 3473 314 3536 1,
328 3472 370 3524 20.
390 3473 541 3525 Posidonius
556 3472 618 3524 dicit
638 3474 720 3524 multo
739 3473 868 3540 multoque
888 3474 992 3540 saepius
1013 3477 1165 3545 multiplior-

194 3565 251 3610 tnm
268 3558 436 3625 (mensurum
453 3555 558 3622 terreo)
581 3555 640 3607 solis
655 3556 769 3623 spatium
786 3559 893 3624 efficere.

209 3664 242 3724 2.
266 3659 331 3723 Sed
349 3663 444 3722 etiarn
461 3679 536 3720 eum
553 3656 757 3744 superlativis
772 3656 878 3720 multo
893 3678 1100 3743 componere
1115 3678 1166 3720 so·

126 3743 196 3808 lent
222 3744 341 3832 optimi
372 3744 567 3828 scriptores,
607 3742 886 3829 quemadmodum
911 3741 1014 3805 lanae
1047 3744 1166 3808 dicunt.

128 3830 243 3895 Graeci
266 3834 365 3894 πολλῶ
381 3829 532 3911 μέγιστον,
556 3827 713 3893 Germani
734 3826 788 3890 bei
801 3828 933 3891 weitem
957 3788 1023 3889 der
1040 3837 1167 3914 groslu.

127 3916 275 3986 Kritzius
290 3912 329 3978 ud
340 3893 418 3981 Sall.
429 3912 497 4000 lug.
509 3918 541 3994 7,
556 3915 587 3977 5.
603 3914 711 3981 mullo
728 3923 759 3976 et
775 3910 1069 3999 longesignilioare
1079 3912 1168 3993 dicit,

126 4012 285 4087 quantum
296 4000 342 4072 id,
360 4000 448 4085 quod
459 4019 627 4064 summurn
645 4009 734 4077 est‚a
749 3997 882 4083 reliquis
896 3997 1003 4071 rebus,
1024 3998 1169 4083 equibus

126 4088 272 4154 eminere
295 4082 439 4162 dicatur,
468 4083 574 4150 distet.
616 4083 725 4150 lmmo
747 4102 825 4149 vero
848 4082 994 4147 indicant
1018 4086 1169 4149 eminen-
