<?xml version="1.0" encoding="UTF-8"?>
<!DOCTYPE html PUBLIC "-//W3C//DTD XHTML 1.0 Transitional//EN"
    "http://www.w3.org/TR/xhtml1/DTD/xhtml1-transitional.dtd">
<html xmlns="http://www.w3.org/1999/xhtml" xml:lang="en" lang="en">
 <head>
  <title>
</title>
<meta http-equiv="Content-Type" content="text/html;charset=utf-8" />
  <meta name='ocr-system' content='tesseract 3.04.00' />
  <meta name='ocr-capabilities' content='ocr_page ocr_carea ocr_par ocr_line ocrx_word'/>
</head>
<body>
  <div class='ocr_page' id='page_1' title='image "./tursellinusseud01handgoog_0037.png"; bbox 0 0 2632 4770; ppageno 0'>
   <div class='ocr_carea' id='block_1_1' title="bbox 554 239 1140 319">
    <p class='ocr_par' dir='ltr' id='par_1_1' title="bbox 554 239 1140 319">
     <span class='ocr_line' id='line_1_1' title="bbox 554 239 1140 319; baseline 0.007 -10"><span class='ocrx_word' id='word_1_1' title='bbox 554 243 686 319; x_wconf 76' lang='lat' dir='ltr'><strong><em>Huvln</em></strong></span> <span class='ocrx_word' id='word_1_2' title='bbox 1102 239 1140 313; x_wconf 80' lang='lat'><strong><em>81</em></strong></span> 
     </span>
    </p>
   </div>
   <div class='ocr_carea' id='block_1_2' title="bbox 131 395 1223 1142">
    <p class='ocr_par' dir='ltr' id='par_1_2' title="bbox 131 395 1223 1142">
     <span class='ocr_line' id='line_1_2' title="bbox 171 395 1145 467; baseline 0.003 -14"><span class='ocrx_word' id='word_1_3' title='bbox 171 396 199 464; x_wconf 70' lang='lat' dir='ltr'><strong><em>b,</em></strong></span> <span class='ocrx_word' id='word_1_4' title='bbox 215 399 242 465; x_wconf 82' lang='lat'><strong><em>2,</em></strong></span> <span class='ocrx_word' id='word_1_5' title='bbox 257 398 302 453; x_wconf 83' lang='grc'><strong>32.</strong></span> <span class='ocrx_word' id='word_1_6' title='bbox 320 399 402 465; x_wconf 78' lang='lat' dir='ltr'><strong><em>hercle</em></strong></span> <span class='ocrx_word' id='word_1_7' title='bbox 414 414 454 454; x_wconf 88' lang='lat' dir='ltr'><strong><em>me</em></strong></span> <span class='ocrx_word' id='word_1_8' title='bbox 467 398 511 451; x_wconf 84' lang='lat' dir='ltr'><strong><em>isti</em></strong></span> <span class='ocrx_word' id='word_1_9' title='bbox 520 399 680 452; x_wconf 75' lang='lat' dir='ltr'><strong><em>uouentem</em></strong></span> <span class='ocrx_word' id='word_1_10' title='bbox 696 410 794 454; x_wconf 79' lang='lat' dir='ltr'><strong><em>cotom.</em></strong></span> <span class='ocrx_word' id='word_1_11' title='bbox 817 397 845 464; x_wconf 84' lang='grc'><strong>’4,</strong></span> <span class='ocrx_word' id='word_1_12' title='bbox 862 395 887 467; x_wconf 74' lang='lat' dir='ltr'><strong><em>i,</em></strong></span> <span class='ocrx_word' id='word_1_13' title='bbox 903 400 961 456; x_wconf 74' lang='grc'><strong>124.</strong></span> <span class='ocrx_word' id='word_1_14' title='bbox 974 403 1060 454; x_wconf 68' lang='lat' dir='ltr'><strong><em>memte</em></strong></span> <span class='ocrx_word' id='word_1_15' title='bbox 1074 405 1145 456; x_wconf 79' lang='lat' dir='ltr'><strong><em>haud</em></strong></span> 
     </span>
     <span class='ocr_line' id='line_1_3' title="bbox 131 477 1145 553; baseline 0.007 -20"><span class='ocrx_word' id='word_1_16' title='bbox 131 496 136 533; x_wconf 80' lang='lat' dir='ltr'><strong><em>t</em></strong></span> <span class='ocrx_word' id='word_1_17' title='bbox 174 494 200 539; x_wconf 85' lang='lat' dir='ltr'><strong><em>te</em></strong></span> <span class='ocrx_word' id='word_1_18' title='bbox 215 487 303 538; x_wconf 85' lang='lat' dir='ltr'><strong><em>einum</em></strong></span> <span class='ocrx_word' id='word_1_19' title='bbox 321 485 432 553; x_wconf 85' lang='lat' dir='ltr'><strong><em>emoriri.</em></strong></span> <span class='ocrx_word' id='word_1_20' title='bbox 465 483 529 536; x_wconf 85' lang='lat' dir='ltr'>Ter.</span> <span class='ocrx_word' id='word_1_21' title='bbox 550 484 619 535; x_wconf 89' lang='lat' dir='ltr'><strong><em>Hoc.</em></strong></span> <span class='ocrx_word' id='word_1_22' title='bbox 638 483 665 548; x_wconf 79' lang='lat'><strong><em>2,</em></strong></span> <span class='ocrx_word' id='word_1_23' title='bbox 685 482 712 546; x_wconf 67' lang='lat'><strong><em>2.</em></strong></span> <span class='ocrx_word' id='word_1_24' title='bbox 730 481 773 539; x_wconf 85' lang='grc'><strong><em>16.</em></strong></span> <span class='ocrx_word' id='word_1_25' title='bbox 797 487 836 538; x_wconf 86' lang='lat' dir='ltr'><strong><em>ito</em></strong></span> <span class='ocrx_word' id='word_1_26' title='bbox 851 477 935 539; x_wconf 85' lang='lat' dir='ltr'><strong><em>medi</em></strong></span> <span class='ocrx_word' id='word_1_27' title='bbox 952 496 1054 551; x_wconf 85' lang='lat' dir='ltr'><strong><em>ament,</em></strong></span> <span class='ocrx_word' id='word_1_28' title='bbox 1074 489 1145 540; x_wconf 77' lang='lat' dir='ltr'><strong><em>houd</em></strong></span> 
     </span>
     <span class='ocr_line' id='line_1_4' title="bbox 175 554 1147 646; baseline 0.005 -25"><span class='ocrx_word' id='word_1_29' title='bbox 175 571 223 622; x_wconf 84' lang='lat' dir='ltr'><strong><em>tili</em></strong></span> <span class='ocrx_word' id='word_1_30' title='bbox 243 571 293 646; x_wconf 70' lang='lat' dir='ltr'><strong><em>lton</em></strong></span> <span class='ocrx_word' id='word_1_31' title='bbox 311 568 425 636; x_wconf 81' lang='lat' dir='ltr'><strong><em>concedo.</em></strong></span> <span class='ocrx_word' id='word_1_32' title='bbox 465 554 555 620; x_wconf 82' lang='lat' dir='ltr'><strong><em>Pluut.</em></strong></span> <span class='ocrx_word' id='word_1_33' title='bbox 575 568 678 619; x_wconf 79' lang='lat' dir='ltr'><strong><em>Bacch.</em></strong></span> <span class='ocrx_word' id='word_1_34' title='bbox 700 565 726 633; x_wconf 86' lang='lat'><strong><em>4,</em></strong></span> <span class='ocrx_word' id='word_1_35' title='bbox 746 565 772 634; x_wconf 76' lang='grc'><strong>2,</strong></span> <span class='ocrx_word' id='word_1_36' title='bbox 793 569 836 628; x_wconf 87' lang='grc'><strong>13.</strong></span> <span class='ocrx_word' id='word_1_37' title='bbox 856 588 889 624; x_wconf 88' lang='lat' dir='ltr'><strong><em>ue</em></strong></span> <span class='ocrx_word' id='word_1_38' title='bbox 908 572 954 624; x_wconf 77' lang='lat' dir='ltr'><strong><em>tibi</em></strong></span> <span class='ocrx_word' id='word_1_39' title='bbox 972 573 1054 624; x_wconf 71' lang='lat' dir='ltr'><strong><em>inercie</em></strong></span> <span class='ocrx_word' id='word_1_40' title='bbox 1075 575 1147 626; x_wconf 78' lang='lat' dir='ltr'><strong><em>houd</em></strong></span> 
     </span>
     <span class='ocr_line' id='line_1_5' title="bbox 169 643 1146 724; baseline 0.003 -18"><span class='ocrx_word' id='word_1_41' title='bbox 169 643 309 723; x_wconf 76' lang='lat' dir='ltr'><strong><em>longeest</em></strong></span> <span class='ocrx_word' id='word_1_42' title='bbox 322 669 350 704; x_wconf 87' lang='lat' dir='ltr'><strong><em>os</em></strong></span> <span class='ocrx_word' id='word_1_43' title='bbox 366 652 399 704; x_wconf 83' lang='lat' dir='ltr'><strong><em>ab</em></strong></span> <span class='ocrx_word' id='word_1_44' title='bbox 413 651 562 718; x_wconf 83' lang='lat' dir='ltr'><strong><em>informuio.</em></strong></span> <span class='ocrx_word' id='word_1_45' title='bbox 593 649 653 716; x_wconf 90' lang='grc'><strong>4,9,</strong></span> <span class='ocrx_word' id='word_1_46' title='bbox 662 651 721 704; x_wconf 86' lang='grc'><strong>133.</strong></span> <span class='ocrx_word' id='word_1_47' title='bbox 749 653 805 719; x_wconf 75' lang='lat' dir='ltr'><strong><em>Cic.</em></strong></span> <span class='ocrx_word' id='word_1_48' title='bbox 819 668 849 722; x_wconf 72' lang='lat' dir='ltr'><strong><em>q.</em></strong></span> <span class='ocrx_word' id='word_1_49' title='bbox 861 655 956 722; x_wconf 74' lang='lat' dir='ltr'><strong><em>Quint.</em></strong></span> <span class='ocrx_word' id='word_1_50' title='bbox 971 655 1047 720; x_wconf 61' lang='grc'><strong><em>3,,13.</em></strong></span> <span class='ocrx_word' id='word_1_51' title='bbox 1060 658 1146 724; x_wconf 85' lang='lat' dir='ltr'><strong><em>itaquo</em></strong></span> 
     </span>
     <span class='ocr_line' id='line_1_6' title="bbox 174 736 1146 808; baseline 0.002 -18"><span class='ocrx_word' id='word_1_52' title='bbox 174 740 278 791; x_wconf 70' lang='lat' dir='ltr'><strong><em>hercule</em></strong></span> <span class='ocrx_word' id='word_1_53' title='bbox 294 737 366 788; x_wconf 80' lang='lat' dir='ltr'><strong><em>haud</em></strong></span> <span class='ocrx_word' id='word_1_54' title='bbox 379 736 536 788; x_wconf 70' lang='lat' dir='ltr'><strong><em>mediocriter</em></strong></span> <span class='ocrx_word' id='word_1_55' title='bbox 550 737 582 789; x_wconf 84' lang='lat' dir='ltr'><strong><em>dc</em></strong></span> <span class='ocrx_word' id='word_1_56' title='bbox 595 739 737 802; x_wconf 85' lang='lat' dir='ltr'><strong><em>communi,</em></strong></span> <span class='ocrx_word' id='word_1_57' title='bbox 758 740 884 806; x_wconf 88' lang='lat' dir='ltr'><strong><em>quidquid</em></strong></span> <span class='ocrx_word' id='word_1_58' title='bbox 901 746 1021 808; x_wconf 79' lang='lat' dir='ltr'><strong><em>poterat,</em></strong></span> <span class='ocrx_word' id='word_1_59' title='bbox 1036 743 1105 792; x_wconf 86' lang='lat' dir='ltr'><strong><em>adse</em></strong></span> <span class='ocrx_word' id='word_1_60' title='bbox 1119 743 1146 792; x_wconf 89' lang='lat' dir='ltr'><strong><em>in</em></strong></span> 
     </span>
     <span class='ocr_line' id='line_1_7' title="bbox 175 814 1145 890; baseline 0.002 -16"><span class='ocrx_word' id='word_1_61' title='bbox 175 823 306 890; x_wconf 81' lang='lat' dir='ltr'><strong><em>privatam</em></strong></span> <span class='ocrx_word' id='word_1_62' title='bbox 321 823 423 872; x_wconf 89' lang='lat' dir='ltr'><strong><em>domum</em></strong></span> <span class='ocrx_word' id='word_1_63' title='bbox 434 822 576 873; x_wconf 81' lang='lat' dir='ltr'><strong><em>eeoocodut.</em></strong></span> <span class='ocrx_word' id='word_1_64' title='bbox 611 820 722 873; x_wconf 73' lang='lat' dir='ltr'><strong><em>Terent.</em></strong></span> <span class='ocrx_word' id='word_1_65' title='bbox 732 814 813 874; x_wconf 84' lang='lat' dir='ltr'><strong><em>Andr.</em></strong></span> <span class='ocrx_word' id='word_1_66' title='bbox 828 821 855 886; x_wconf 88' lang='lat'><strong><em>4,</em></strong></span> <span class='ocrx_word' id='word_1_67' title='bbox 869 821 894 887; x_wconf 82' lang='grc'><strong>4,</strong></span> <span class='ocrx_word' id='word_1_68' title='bbox 909 820 951 875; x_wconf 88' lang='grc'><strong><em>33.</em></strong></span> <span class='ocrx_word' id='word_1_69' title='bbox 968 842 1000 876; x_wconf 88' lang='lat' dir='ltr'><strong><em>ne</em></strong></span> <span class='ocrx_word' id='word_1_70' title='bbox 1014 826 1060 889; x_wconf 80' lang='lat' dir='ltr'><strong><em>teu</em></strong></span> <span class='ocrx_word' id='word_1_71' title='bbox 1073 826 1145 876; x_wconf 86' lang='lat' dir='ltr'><strong><em>illum</em></strong></span> 
     </span>
     <span class='ocr_line' id='line_1_8' title="bbox 173 896 1146 973; baseline 0.001 -15"><span class='ocrx_word' id='word_1_72' title='bbox 173 906 247 959; x_wconf 76' lang='lat' dir='ltr'><strong><em>iruud</em></strong></span> <span class='ocrx_word' id='word_1_73' title='bbox 262 907 348 971; x_wconf 82' lang='lat' dir='ltr'><strong><em>uouit,</em></strong></span> <span class='ocrx_word' id='word_1_74' title='bbox 372 906 444 959; x_wconf 82' lang='lat' dir='ltr'><strong><em>cuius</em></strong></span> <span class='ocrx_word' id='word_1_75' title='bbox 460 908 556 961; x_wconf 17' lang='lat' dir='ltr'><strong><em>conssul</em></strong></span> <span class='ocrx_word' id='word_1_76' title='bbox 566 898 630 955; x_wconf 76' lang='lat' dir='ltr'><strong><em>liceo</em></strong></span> <span class='ocrx_word' id='word_1_77' title='bbox 645 899 746 973; x_wconf 80' lang='lat' dir='ltr'><strong><em>incipit.</em></strong></span> <span class='ocrx_word' id='word_1_78' title='bbox 781 896 935 967; x_wconf 24' lang='lat' dir='ltr'><strong><em>(iic.4Tuec.</em></strong></span> <span class='ocrx_word' id='word_1_79' title='bbox 952 905 977 970; x_wconf 87' lang='lat'><strong><em>1,</em></strong></span> <span class='ocrx_word' id='word_1_80' title='bbox 994 900 1038 972; x_wconf 81' lang='grc'><strong>42,</strong></span> <span class='ocrx_word' id='word_1_81' title='bbox 1050 907 1092 960; x_wconf 87' lang='grc'><strong><em>99.</em></strong></span> <span class='ocrx_word' id='word_1_82' title='bbox 1116 925 1146 959; x_wconf 90' lang='lat' dir='ltr'><strong><em>ue</em></strong></span> 
     </span>
     <span class='ocr_line' id='line_1_9' title="bbox 175 988 1146 1060; baseline 0.004 -18"><span class='ocrx_word' id='word_1_83' title='bbox 175 1008 225 1060; x_wconf 83' lang='lat' dir='ltr'><strong><em>ego</em></strong></span> <span class='ocrx_word' id='word_1_84' title='bbox 241 989 416 1058; x_wconf 68' lang='lat' dir='ltr'><strong><em>campanus</em></strong></span> <span class='ocrx_word' id='word_1_85' title='bbox 434 991 503 1040; x_wconf 75' lang='lat' dir='ltr'><strong><em>tunc</em></strong></span> <span class='ocrx_word' id='word_1_86' title='bbox 515 988 632 1039; x_wconf 82' lang='lat' dir='ltr'><strong><em>euimum</em></strong></span> <span class='ocrx_word' id='word_1_87' title='bbox 647 989 753 1051; x_wconf 80' lang='lat' dir='ltr'><strong><em>metim,</em></strong></span> <span class='ocrx_word' id='word_1_88' title='bbox 769 1005 847 1055; x_wconf 84' lang='lat' dir='ltr'><strong><em>quam</em></strong></span> <span class='ocrx_word' id='word_1_89' title='bbox 863 1002 951 1044; x_wconf 85' lang='lat' dir='ltr'><strong><em>corum</em></strong></span> <span class='ocrx_word' id='word_1_90' title='bbox 964 995 1077 1046; x_wconf 87' lang='lat' dir='ltr'><strong><em>omnium</em></strong></span> <span class='ocrx_word' id='word_1_91' title='bbox 1085 998 1146 1060; x_wconf 80' lang='lat' dir='ltr'><strong><em>sor·</em></strong></span> 
     </span>
     <span class='ocr_line' id='line_1_10' title="bbox 175 1071 1223 1142; baseline -0.01 -15"><span class='ocrx_word' id='word_1_92' title='bbox 175 1082 270 1136; x_wconf 82' lang='lat' dir='ltr'><strong><em>tunes,</em></strong></span> <span class='ocrx_word' id='word_1_93' title='bbox 287 1075 330 1142; x_wconf 84' lang='lat' dir='ltr'><strong><em>qui</em></strong></span> <span class='ocrx_word' id='word_1_94' title='bbox 342 1071 377 1126; x_wconf 90' lang='lat' dir='ltr'><strong><em>&#39;de</em></strong></span> <span class='ocrx_word' id='word_1_95' title='bbox 395 1075 442 1125; x_wconf 78' lang='lat' dir='ltr'><strong><em>icoc</em></strong></span> <span class='ocrx_word' id='word_1_96' title='bbox 457 1073 611 1123; x_wconf 85' lang='lat' dir='ltr'><strong><em>iudicarunt.</em></strong></span> <span class='ocrx_word' id='word_1_97' title='bbox 1220 1071 1223 1077; x_wconf 87' lang='lat'>&#39;</span> 
     </span>
    </p>
   </div>
   <div class='ocr_carea' id='block_1_3' title="bbox 178 1166 1199 1580">
    <p class='ocr_par' dir='ltr' id='par_1_3' title="bbox 178 1166 1199 1580">
     <span class='ocr_line' id='line_1_11' title="bbox 209 1166 1180 1245; baseline 0.005 -17"><span class='ocrx_word' id='word_1_98' title='bbox 209 1176 268 1230; x_wconf 84' lang='lat' dir='ltr'><strong><em>cio.</em></strong></span> <span class='ocrx_word' id='word_1_99' title='bbox 284 1176 319 1228; x_wconf 86' lang='lat' dir='ltr'><strong><em>ud</em></strong></span> <span class='ocrx_word' id='word_1_100' title='bbox 328 1177 380 1228; x_wconf 76' lang='lat' dir='ltr'><strong><em>uu.</em></strong></span> <span class='ocrx_word' id='word_1_101' title='bbox 392 1169 417 1239; x_wconf 74' lang='lat' dir='ltr'><strong><em>i,</em></strong></span> <span class='ocrx_word' id='word_1_102' title='bbox 430 1172 455 1226; x_wconf 87' lang='grc'><strong>3.</strong></span> <span class='ocrx_word' id='word_1_103' title='bbox 468 1167 535 1242; x_wconf 86' lang='lat' dir='ltr'><strong><em>quod</em></strong></span> <span class='ocrx_word' id='word_1_104' title='bbox 550 1174 573 1224; x_wconf 86' lang='lat' dir='ltr'><strong><em>si</em></strong></span> <span class='ocrx_word' id='word_1_105' title='bbox 586 1175 637 1225; x_wconf 81' lang='lat' dir='ltr'><strong><em>ista</em></strong></span> <span class='ocrx_word' id='word_1_106' title='bbox 647 1166 718 1225; x_wconf 80' lang='lat' dir='ltr'><strong><em>nolis</em></strong></span> <span class='ocrx_word' id='word_1_107' title='bbox 732 1174 854 1242; x_wconf 73' lang='lat' dir='ltr'><strong><em>cogitatio</em></strong></span> <span class='ocrx_word' id='word_1_108' title='bbox 868 1168 899 1227; x_wconf 85' lang='lat' dir='ltr'><strong><em>de</em></strong></span> <span class='ocrx_word' id='word_1_109' title='bbox 908 1169 1037 1245; x_wconf 68' lang='lat' dir='ltr'><strong><em>³triuntpluo</em></strong></span> <span class='ocrx_word' id='word_1_110' title='bbox 1052 1179 1146 1233; x_wconf 81' lang='lat' dir='ltr'><strong><em>iniectu</em></strong></span> <span class='ocrx_word' id='word_1_111' title='bbox 1176 1179 1180 1182; x_wconf 69' lang='grc'><strong>’</strong></span> 
     </span>
     <span class='ocr_line' id='line_1_12' title="bbox 178 1248 1199 1325; baseline 0.001 -13"><span class='ocrx_word' id='word_1_112' title='bbox 178 1267 308 1325; x_wconf 87' lang='lat' dir='ltr'><strong><em>uonesset,</em></strong></span> <span class='ocrx_word' id='word_1_113' title='bbox 327 1264 361 1298; x_wconf 71' lang='lat'><strong><em>—-&#39;</em></strong></span> <span class='ocrx_word' id='word_1_114' title='bbox 379 1278 410 1311; x_wconf 90' lang='lat' dir='ltr'><strong><em>ue</em></strong></span> <span class='ocrx_word' id='word_1_115' title='bbox 422 1267 449 1310; x_wconf 90' lang='lat' dir='ltr'><strong><em>tu</em></strong></span> <span class='ocrx_word' id='word_1_116' title='bbox 465 1248 537 1309; x_wconf 73' lang='lat' dir='ltr'><strong><em>laud</em></strong></span> <span class='ocrx_word' id='word_1_117' title='bbox 549 1258 656 1309; x_wconf 86' lang='lat' dir='ltr'><strong><em>multum</em></strong></span> <span class='ocrx_word' id='word_1_118' title='bbox 670 1258 809 1325; x_wconf 72' lang='lat' dir='ltr'><strong><em>requireres</em></strong></span> <span class='ocrx_word' id='word_1_119' title='bbox 821 1259 893 1310; x_wconf 87' lang='lat' dir='ltr'><strong><em>illum</em></strong></span> <span class='ocrx_word' id='word_1_120' title='bbox 906 1261 996 1312; x_wconf 84' lang='lat' dir='ltr'><strong><em>uirum.</em></strong></span> <span class='ocrx_word' id='word_1_121' title='bbox 1016 1262 1055 1312; x_wconf 80' lang='lat' dir='ltr'><strong><em>ud</em></strong></span> <span class='ocrx_word' id='word_1_122' title='bbox 1067 1265 1144 1317; x_wconf 83' lang='lat' dir='ltr'><strong><em>Fam.</em></strong></span> <span class='ocrx_word' id='word_1_123' title='bbox 1197 1307 1199 1313; x_wconf 94' lang='lat'><strong><em>.</em></strong></span> 
     </span>
     <span class='ocr_line' id='line_1_13' title="bbox 178 1335 1144 1416; baseline 0.006 -23"><span class='ocrx_word' id='word_1_124' title='bbox 178 1342 266 1408; x_wconf 73' lang='lat' dir='ltr'><strong><em>u‚1,e.</em></strong></span> <span class='ocrx_word' id='word_1_125' title='bbox 288 1346 392 1410; x_wconf 85' lang='lat' dir='ltr'><strong><em>quodsi</em></strong></span> <span class='ocrx_word' id='word_1_126' title='bbox 409 1351 439 1395; x_wconf 89' lang='lat' dir='ltr'><strong><em>tu</em></strong></span> <span class='ocrx_word' id='word_1_127' title='bbox 457 1352 502 1410; x_wconf 81' lang='lat' dir='ltr'><strong><em>per</em></strong></span> <span class='ocrx_word' id='word_1_128' title='bbox 518 1359 559 1393; x_wconf 88' lang='lat' dir='ltr'><strong><em>cos</em></strong></span> <span class='ocrx_word' id='word_1_129' title='bbox 577 1335 632 1394; x_wconf 86' lang='lat' dir='ltr'><strong><em>dies</em></strong></span> <span class='ocrx_word' id='word_1_130' title='bbox 654 1355 759 1412; x_wconf 79' lang='lat' dir='ltr'><strong><em>operum</em></strong></span> <span class='ocrx_word' id='word_1_131' title='bbox 775 1343 866 1395; x_wconf 85' lang='lat' dir='ltr'><strong><em>dedisti</em></strong></span> <span class='ocrx_word' id='word_1_132' title='bbox 883 1343 1023 1412; x_wconf 74' lang='lat' dir='ltr'><strong><em>Protogeni</em></strong></span> <span class='ocrx_word' id='word_1_133' title='bbox 1038 1354 1079 1401; x_wconf 88' lang='lat' dir='ltr'><strong><em>tuo</em></strong></span> <span class='ocrx_word' id='word_1_134' title='bbox 1094 1377 1144 1416; x_wconf 87' lang='lat'><strong><em>-‚</em></strong></span> 
     </span>
     <span class='ocr_line' id='line_1_14' title="bbox 181 1418 1146 1495; baseline 0.008 -17"><span class='ocrx_word' id='word_1_135' title='bbox 181 1445 208 1478; x_wconf 89' lang='lat' dir='ltr'><strong><em>ne</em></strong></span> <span class='ocrx_word' id='word_1_136' title='bbox 231 1435 259 1480; x_wconf 85' lang='lat' dir='ltr'><strong><em>tu</em></strong></span> <span class='ocrx_word' id='word_1_137' title='bbox 284 1429 356 1480; x_wconf 77' lang='lat' dir='ltr'><strong><em>houd</em></strong></span> <span class='ocrx_word' id='word_1_138' title='bbox 382 1425 473 1494; x_wconf 80' lang='lat' dir='ltr'><strong><em>paullo</em></strong></span> <span class='ocrx_word' id='word_1_139' title='bbox 495 1418 554 1493; x_wconf 77' lang='lat' dir='ltr'><strong><em>plus</em></strong></span> <span class='ocrx_word' id='word_1_140' title='bbox 574 1437 655 1493; x_wconf 79' lang='lat' dir='ltr'><strong><em>quom</em></strong></span> <span class='ocrx_word' id='word_1_141' title='bbox 680 1419 816 1495; x_wconf 74' lang='lat' dir='ltr'><strong><em>‘quicquum</em></strong></span> <span class='ocrx_word' id='word_1_142' title='bbox 837 1435 953 1481; x_wconf 69' lang='lat' dir='ltr'><strong><em>mettium</em></strong></span> <span class='ocrx_word' id='word_1_143' title='bbox 975 1428 1146 1488; x_wconf 66' lang='lat' dir='ltr'><strong><em>delectationis</em></strong></span> 
     </span>
     <span class='ocr_line' id='line_1_15' title="bbox 181 1506 528 1580; baseline -0.009 -17"><span class='ocrx_word' id='word_1_144' title='bbox 181 1512 295 1566; x_wconf 77' lang='lat' dir='ltr'><strong><em>induisti.</em></strong></span> <span class='ocrx_word' id='word_1_145' title='bbox 311 1529 339 1580; x_wconf 83' lang='lat' dir='ltr'><strong><em>q.</em></strong></span> <span class='ocrx_word' id='word_1_146' title='bbox 354 1509 413 1562; x_wconf 81' lang='lat' dir='ltr'><strong><em>mil.</em></strong></span> <span class='ocrx_word' id='word_1_147' title='bbox 426 1506 470 1574; x_wconf 74' lang='lat'><strong><em>25,</em></strong></span> <span class='ocrx_word' id='word_1_148' title='bbox 484 1507 528 1561; x_wconf 79' lang='lat'><strong><em>68.</em></strong></span> 
     </span>
    </p>
   </div>
   <div class='ocr_carea' id='block_1_4' title="bbox 139 1654 1143 1816">
    <p class='ocr_par' dir='ltr' id='par_1_4' title="bbox 139 1654 1143 1816">
     <span class='ocr_line' id='line_1_16' title="bbox 196 1654 1143 1748; baseline 0.003 -19"><span class='ocrx_word' id='word_1_149' title='bbox 196 1669 241 1729; x_wconf 83' lang='grc'><strong><em>19.</em></strong></span> <span class='ocrx_word' id='word_1_150' title='bbox 266 1662 392 1727; x_wconf 87' lang='lat' dir='ltr'><strong><em>Eodem</em></strong></span> <span class='ocrx_word' id='word_1_151' title='bbox 409 1661 576 1744; x_wconf 81' lang='lat' dir='ltr'><strong><em>estrotio,</em></strong></span> <span class='ocrx_word' id='word_1_152' title='bbox 596 1654 651 1726; x_wconf 88' lang='lat' dir='ltr'><strong><em>ubi</em></strong></span> <span class='ocrx_word' id='word_1_153' title='bbox 666 1668 771 1748; x_wconf 81' lang='lat' dir='ltr'><strong><em>certae</em></strong></span> <span class='ocrx_word' id='word_1_154' title='bbox 787 1660 965 1727; x_wconf 76' lang='lat' dir='ltr'><strong><em>sententies</em></strong></span> <span class='ocrx_word' id='word_1_155' title='bbox 986 1663 1143 1732; x_wconf 86' lang='lat' dir='ltr'><strong><em>indicium</em></strong></span> 
     </span>
     <span class='ocr_line' id='line_1_17' title="bbox 139 1747 1017 1816; baseline 0 -6"><span class='ocrx_word' id='word_1_156' title='bbox 139 1749 231 1816; x_wconf 74' lang='lat' dir='ltr'><strong><em>accedit</em></strong></span> <span class='ocrx_word' id='word_1_157' title='bbox 250 1747 498 1814; x_wconf 74' lang='lat' dir='ltr'><strong><em>exclamatione.</em></strong></span> <span class='ocrx_word' id='word_1_158' title='bbox 1013 1763 1017 1774; x_wconf 87' lang='lat'>&#39;</span> 
     </span>
    </p>
   </div>
   <div class='ocr_carea' id='block_1_5' title="bbox 210 1865 1146 1941">
    <p class='ocr_par' dir='ltr' id='par_1_5' title="bbox 210 1865 1146 1941">
     <span class='ocr_line' id='line_1_18' title="bbox 210 1865 1146 1941; baseline 0.002 -13"><span class='ocrx_word' id='word_1_159' title='bbox 210 1869 298 1928; x_wconf 76' lang='lat' dir='ltr'><strong><em>Plani.</em></strong></span> <span class='ocrx_word' id='word_1_160' title='bbox 315 1874 398 1927; x_wconf 83' lang='lat' dir='ltr'><strong><em>Truc.</em></strong></span> <span class='ocrx_word' id='word_1_161' title='bbox 415 1874 441 1941; x_wconf 92' lang='grc'><strong><em>1,</em></strong></span> <span class='ocrx_word' id='word_1_162' title='bbox 456 1874 482 1938; x_wconf 78' lang='grc'><strong>2,</strong></span> <span class='ocrx_word' id='word_1_163' title='bbox 496 1872 539 1927; x_wconf 93' lang='grc'><strong><em>91.</em></strong></span> <span class='ocrx_word' id='word_1_164' title='bbox 554 1874 596 1927; x_wconf 79' lang='lat' dir='ltr'><strong><em>cia</em></strong></span> <span class='ocrx_word' id='word_1_165' title='bbox 612 1865 681 1927; x_wconf 75' lang='lat' dir='ltr'><strong><em>locuni</em></strong></span> <span class='ocrx_word' id='word_1_166' title='bbox 696 1872 736 1926; x_wconf 83' lang='lat' dir='ltr'><strong><em>ito</em></strong></span> <span class='ocrx_word' id='word_1_167' title='bbox 752 1870 790 1926; x_wconf 73' lang='lat' dir='ltr'><strong><em>cs&#39;t</em></strong></span> <span class='ocrx_word' id='word_1_168' title='bbox 803 1890 849 1926; x_wconf 86' lang='lat' dir='ltr'><strong><em>res.</em></strong></span> <span class='ocrx_word' id='word_1_169' title='bbox 873 1867 902 1938; x_wconf 71' lang='lat'><strong><em>2,</em></strong></span> <span class='ocrx_word' id='word_1_170' title='bbox 917 1867 942 1938; x_wconf 75' lang='lat'><strong><em>6,</em></strong></span> <span class='ocrx_word' id='word_1_171' title='bbox 958 1867 1000 1925; x_wconf 82' lang='grc'><strong>49.</strong></span> <span class='ocrx_word' id='word_1_172' title='bbox 1022 1876 1063 1928; x_wconf 89' lang='lat' dir='ltr'><strong><em>eio</em></strong></span> <span class='ocrx_word' id='word_1_173' title='bbox 1075 1877 1146 1930; x_wconf 77' lang='lat' dir='ltr'><strong><em>houd</em></strong></span> 
     </span>
    </p>
   </div>
   <div class='ocr_carea' id='block_1_6' title="bbox 186 1952 1144 2111">
    <p class='ocr_par' dir='ltr' id='par_1_6' title="bbox 186 1952 1144 2111">
     <span class='ocr_line' id='line_1_19' title="bbox 186 1952 1144 2028; baseline 0.003 -16"><span class='ocrx_word' id='word_1_174' title='bbox 186 1962 211 2013; x_wconf 86' lang='lat' dir='ltr'><strong><em>ni</em></strong></span> <span class='ocrx_word' id='word_1_175' title='bbox 223 1979 256 2024; x_wconf 84' lang='lat' dir='ltr'><strong><em>rc,</em></strong></span> <span class='ocrx_word' id='word_1_176' title='bbox 272 1978 331 2012; x_wconf 88' lang='lat' dir='ltr'><strong><em>mco</em></strong></span> <span class='ocrx_word' id='word_1_177' title='bbox 345 1961 469 2028; x_wconf 85' lang='lat' dir='ltr'><strong><em>uoluptas,</em></strong></span> <span class='ocrx_word' id='word_1_178' title='bbox 485 1960 530 2011; x_wconf 83' lang='lat' dir='ltr'><strong><em>tibi</em></strong></span> <span class='ocrx_word' id='word_1_179' title='bbox 540 1959 636 2010; x_wconf 81' lang='lat' dir='ltr'><strong><em>obueuit</em></strong></span> <span class='ocrx_word' id='word_1_180' title='bbox 646 1959 701 2008; x_wconf 76' lang='lat' dir='ltr'><strong><em>istic</em></strong></span> <span class='ocrx_word' id='word_1_181' title='bbox 712 1959 791 2010; x_wconf 83' lang='lat' dir='ltr'><strong><em>totos.</em></strong></span> <span class='ocrx_word' id='word_1_182' title='bbox 819 1960 901 2011; x_wconf 61' lang='lat' dir='ltr'><strong><em>Poeni</em></strong></span> <span class='ocrx_word' id='word_1_183' title='bbox 909 1956 935 2021; x_wconf 89' lang='grc'><strong>3,</strong></span> <span class='ocrx_word' id='word_1_184' title='bbox 943 1954 1017 2024; x_wconf 79' lang='grc'><strong>1,99.</strong></span> <span class='ocrx_word' id='word_1_185' title='bbox 1032 1952 1144 2016; x_wconf 69' lang='lat' dir='ltr'><strong><em>Terent.</em></strong></span> 
     </span>
     <span class='ocr_line' id='line_1_20' title="bbox 186 2041 918 2111; baseline -0.003 -15"><span class='ocrx_word' id='word_1_186' title='bbox 186 2045 226 2097; x_wconf 78' lang='lat' dir='ltr'><strong><em>m.</em></strong></span> <span class='ocrx_word' id='word_1_187' title='bbox 239 2044 265 2111; x_wconf 86' lang='grc'><strong>3,</strong></span> <span class='ocrx_word' id='word_1_188' title='bbox 280 2043 306 2109; x_wconf 92' lang='grc'><strong>3,</strong></span> <span class='ocrx_word' id='word_1_189' title='bbox 324 2044 365 2098; x_wconf 91' lang='grc'><strong><em>19.</em></strong></span> <span class='ocrx_word' id='word_1_190' title='bbox 385 2047 471 2111; x_wconf 80' lang='lat' dir='ltr'><strong><em>ouem,</em></strong></span> <span class='ocrx_word' id='word_1_191' title='bbox 488 2045 600 2108; x_wconf 73' lang='lat' dir='ltr'><strong><em>Booten,</em></strong></span> <span class='ocrx_word' id='word_1_192' title='bbox 617 2041 690 2093; x_wconf 76' lang='lat' dir='ltr'><strong><em>tout</em></strong></span> <span class='ocrx_word' id='word_1_193' title='bbox 706 2043 872 2111; x_wconf 65' lang='lat' dir='ltr'><strong><em>etquenam</em></strong></span> <span class='ocrx_word' id='word_1_194' title='bbox 884 2051 918 2098; x_wconf 85' lang='lat' dir='ltr'><strong><em>te.</em></strong></span> 
     </span>
    </p>
   </div>
   <div class='ocr_carea' id='block_1_7' title="bbox 198 2193 1145 2294">
    <p class='ocr_par' dir='ltr' id='par_1_7' title="bbox 198 2193 1145 2294">
     <span class='ocr_line' id='line_1_21' title="bbox 198 2193 1145 2294; baseline -0.002 -32"><span class='ocrx_word' id='word_1_195' title='bbox 198 2201 244 2262; x_wconf 75' lang='lat'><strong><em>20.</em></strong></span> <span class='ocrx_word' id='word_1_196' title='bbox 279 2195 366 2259; x_wconf 85' lang='lat' dir='ltr'><strong><em>Haec</em></strong></span> <span class='ocrx_word' id='word_1_197' title='bbox 388 2193 502 2260; x_wconf 79' lang='lat' dir='ltr'><strong><em>eadem</em></strong></span> <span class='ocrx_word' id='word_1_198' title='bbox 525 2193 768 2260; x_wconf 70' lang='lat' dir='ltr'><strong><em>asseverationis</em></strong></span> <span class='ocrx_word' id='word_1_199' title='bbox 798 2193 845 2256; x_wconf 87' lang='lat' dir='ltr'><strong><em>vis</em></strong></span> <span class='ocrx_word' id='word_1_200' title='bbox 871 2204 1031 2294; x_wconf 37' lang='lat' dir='ltr'><strong><em>estqquo</em></strong></span> <span class='ocrx_word' id='word_1_201' title='bbox 1051 2194 1145 2260; x_wconf 73' lang='lat' dir='ltr'><strong><em>houd</em></strong></span> 
     </span>
    </p>
   </div>
   <div class='ocr_carea' id='block_1_8' title="bbox 140 2272 1243 2366">
    <p class='ocr_par' dir='ltr' id='par_1_8' title="bbox 140 2272 1243 2366">
     <span class='ocr_line' id='line_1_22' title="bbox 140 2272 1243 2366; baseline 0.005 -26"><span class='ocrx_word' id='word_1_202' title='bbox 140 2278 203 2344; x_wconf 85' lang='lat' dir='ltr'><strong><em>iniis</em></strong></span> <span class='ocrx_word' id='word_1_203' title='bbox 215 2282 381 2346; x_wconf 83' lang='lat' dir='ltr'><strong><em>sententiis</em></strong></span> <span class='ocrx_word' id='word_1_204' title='bbox 395 2281 548 2366; x_wconf 82' lang='lat' dir='ltr'><strong><em>ponitur,</em></strong></span> <span class='ocrx_word' id='word_1_205' title='bbox 571 2300 653 2366; x_wconf 82' lang='lat' dir='ltr'><strong><em>quee</em></strong></span> <span class='ocrx_word' id='word_1_206' title='bbox 668 2276 802 2364; x_wconf 80' lang='lat' dir='ltr'><strong><em>quidem</em></strong></span> <span class='ocrx_word' id='word_1_207' title='bbox 825 2283 857 2342; x_wconf 77' lang='lat' dir='ltr'><strong><em>et</em></strong></span> <span class='ocrx_word' id='word_1_208' title='bbox 880 2281 1033 2366; x_wconf 65' lang='lat' dir='ltr'><strong><em>equum</em></strong></span> <span class='ocrx_word' id='word_1_209' title='bbox 1052 2282 1086 2344; x_wconf 85' lang='lat' dir='ltr'><strong><em>iu</em></strong></span> <span class='ocrx_word' id='word_1_210' title='bbox 1111 2304 1145 2346; x_wconf 85' lang='lat' dir='ltr'><strong><em>se</em></strong></span> <span class='ocrx_word' id='word_1_211' title='bbox 1211 2272 1215 2279; x_wconf 66' lang='grc'><em>’</em></span> <span class='ocrx_word' id='word_1_212' title='bbox 1240 2333 1243 2337; x_wconf 83' lang='grc'><strong>.</strong></span> 
     </span>
    </p>
   </div>
   <div class='ocr_carea' id='block_1_9' title="bbox 139 2362 1145 2538">
    <p class='ocr_par' dir='ltr' id='par_1_9' title="bbox 139 2362 1145 2538">
     <span class='ocr_line' id='line_1_23' title="bbox 139 2362 1145 2452; baseline 0.006 -27"><span class='ocrx_word' id='word_1_213' title='bbox 139 2362 248 2430; x_wconf 68' lang='lat' dir='ltr'><strong><em>habente</em></strong></span> <span class='ocrx_word' id='word_1_214' title='bbox 272 2366 360 2430; x_wconf 90' lang='lat' dir='ltr'><strong><em>unde</em></strong></span> <span class='ocrx_word' id='word_1_215' title='bbox 381 2367 573 2449; x_wconf 79' lang='lat' dir='ltr'><strong><em>intelligitur</em></strong></span> <span class='ocrx_word' id='word_1_216' title='bbox 598 2366 693 2430; x_wconf 82' lang='lat' dir='ltr'><strong><em>etiam</em></strong></span> <span class='ocrx_word' id='word_1_217' title='bbox 723 2384 834 2426; x_wconf 83' lang='lat' dir='ltr'><strong><em>verum</em></strong></span> <span class='ocrx_word' id='word_1_218' title='bbox 857 2384 924 2429; x_wconf 83' lang='lat' dir='ltr'><strong><em>esse</em></strong></span> <span class='ocrx_word' id='word_1_219' title='bbox 950 2367 1145 2452; x_wconf 79' lang='lat' dir='ltr'><strong><em>explicatio·-</em></strong></span> 
     </span>
     <span class='ocr_line' id='line_1_24' title="bbox 139 2446 1144 2538; baseline 0.007 -27"><span class='ocrx_word' id='word_1_220' title='bbox 139 2467 194 2515; x_wconf 85' lang='lat' dir='ltr'><strong><em>uem</em></strong></span> <span class='ocrx_word' id='word_1_221' title='bbox 207 2448 351 2519; x_wconf 79' lang='lat' dir='ltr'><strong><em>vocabuli</em></strong></span> <span class='ocrx_word' id='word_1_222' title='bbox 366 2451 536 2538; x_wconf 80' lang='lat' dir='ltr'><strong><em>equidem,</em></strong></span> <span class='ocrx_word' id='word_1_223' title='bbox 560 2471 660 2536; x_wconf 81' lang='lat' dir='ltr'><strong><em>quum</em></strong></span> <span class='ocrx_word' id='word_1_224' title='bbox 674 2446 775 2510; x_wconf 83' lang='lat' dir='ltr'><strong><em>Tem.</em></strong></span> <span class='ocrx_word' id='word_1_225' title='bbox 788 2452 817 2510; x_wconf 82' lang='lat'><strong><em>2.</em></strong></span> <span class='ocrx_word' id='word_1_226' title='bbox 839 2471 874 2533; x_wconf 88' lang='lat' dir='ltr'><strong><em>p.</em></strong></span> <span class='ocrx_word' id='word_1_227' title='bbox 890 2450 963 2514; x_wconf 76' lang='lat'><strong><em>426.</em></strong></span> <span class='ocrx_word' id='word_1_228' title='bbox 985 2451 1144 2518; x_wconf 80' lang='lat' dir='ltr'><strong><em>dedimus.</em></strong></span> 
     </span>
    </p>
   </div>
   <div class='ocr_carea' id='block_1_10' title="bbox 180 2571 1176 3321">
    <p class='ocr_par' dir='ltr' id='par_1_10' title="bbox 180 2571 1176 3321">
     <span class='ocr_line' id='line_1_25' title="bbox 219 2571 1148 2646; baseline -0.001 -13"><span class='ocrx_word' id='word_1_229' title='bbox 219 2581 331 2633; x_wconf 79' lang='lat' dir='ltr'><strong><em>Terent.</em></strong></span> <span class='ocrx_word' id='word_1_230' title='bbox 346 2578 416 2629; x_wconf 87' lang='lat' dir='ltr'><strong><em>Hec.</em></strong></span> <span class='ocrx_word' id='word_1_231' title='bbox 427 2577 452 2641; x_wconf 73' lang='grc'><strong>2,</strong></span> <span class='ocrx_word' id='word_1_232' title='bbox 465 2575 492 2641; x_wconf 90' lang='grc'><strong>3,</strong></span> <span class='ocrx_word' id='word_1_233' title='bbox 506 2573 531 2629; x_wconf 81' lang='lat'><strong><em>5.</em></strong></span> <span class='ocrx_word' id='word_1_234' title='bbox 543 2578 616 2629; x_wconf 74' lang='lat' dir='ltr'><strong><em>duod</em></strong></span> <span class='ocrx_word' id='word_1_235' title='bbox 627 2575 672 2644; x_wconf 82' lang='lat' dir='ltr'><strong><em>pol</em></strong></span> <span class='ocrx_word' id='word_1_236' title='bbox 685 2575 845 2642; x_wconf 74' lang='lat' dir='ltr'><strong><em>nequidem.</em></strong></span> <span class='ocrx_word' id='word_1_237' title='bbox 862 2573 890 2639; x_wconf 86' lang='grc'><strong>3,</strong></span> <span class='ocrx_word' id='word_1_238' title='bbox 906 2576 931 2640; x_wconf 78' lang='lat'><strong><em>13</em></strong></span> <span class='ocrx_word' id='word_1_239' title='bbox 946 2572 988 2630; x_wconf 75' lang='lat'><strong><em>26.</em></strong></span> <span class='ocrx_word' id='word_1_240' title='bbox 1006 2571 1077 2631; x_wconf 78' lang='lat' dir='ltr'><strong><em>iuud</em></strong></span> <span class='ocrx_word' id='word_1_241' title='bbox 1090 2580 1148 2646; x_wconf 84' lang='lat' dir='ltr'><strong><em>qui-</em></strong></span> 
     </span>
     <span class='ocr_line' id='line_1_26' title="bbox 184 2658 1147 2730; baseline -0.002 -12"><span class='ocrx_word' id='word_1_242' title='bbox 184 2666 235 2718; x_wconf 85' lang='lat' dir='ltr'><strong><em>dem</em></strong></span> <span class='ocrx_word' id='word_1_243' title='bbox 252 2666 335 2716; x_wconf 79' lang='lat' dir='ltr'><strong><em>herote</em></strong></span> <span class='ocrx_word' id='word_1_244' title='bbox 345 2673 456 2730; x_wconf 81' lang='lat' dir='ltr'><strong><em>percum</em></strong></span> <span class='ocrx_word' id='word_1_245' title='bbox 478 2669 532 2723; x_wconf 87' lang='lat' dir='ltr'><strong><em>est,</em></strong></span> <span class='ocrx_word' id='word_1_246' title='bbox 558 2662 581 2711; x_wconf 83' lang='lat' dir='ltr'><strong><em>si</em></strong></span> <span class='ocrx_word' id='word_1_247' title='bbox 602 2661 641 2712; x_wconf 84' lang='lat' dir='ltr'><strong><em>oie</em></strong></span> <span class='ocrx_word' id='word_1_248' title='bbox 660 2677 718 2710; x_wconf 86' lang='lat' dir='ltr'><strong><em>cero</em></strong></span> <span class='ocrx_word' id='word_1_249' title='bbox 733 2672 818 2710; x_wconf 83' lang='lat' dir='ltr'><strong><em>oerum</em></strong></span> <span class='ocrx_word' id='word_1_250' title='bbox 842 2658 971 2713; x_wconf 75' lang='lat' dir='ltr'><strong><em>rationem</em></strong></span> <span class='ocrx_word' id='word_1_251' title='bbox 986 2664 1094 2730; x_wconf 75' lang='lat' dir='ltr'><strong><em>eccequi.</em></strong></span> <span class='ocrx_word' id='word_1_252' title='bbox 1116 2664 1147 2716; x_wconf 91' lang='lat' dir='ltr'><strong><em>iu</em></strong></span> 
     </span>
     <span class='ocr_line' id='line_1_27' title="bbox 183 2740 1176 2816; baseline -0.002 -14"><span class='ocrx_word' id='word_1_253' title='bbox 183 2768 229 2816; x_wconf 88' lang='lat' dir='ltr'><strong><em>quo</em></strong></span> <span class='ocrx_word' id='word_1_254' title='bbox 243 2750 305 2801; x_wconf 89' lang='lat' dir='ltr'><strong><em>loco</em></strong></span> <span class='ocrx_word' id='word_1_255' title='bbox 320 2745 411 2799; x_wconf 85' lang='lat' dir='ltr'><strong><em>critici</em></strong></span> <span class='ocrx_word' id='word_1_256' title='bbox 428 2755 539 2812; x_wconf 81' lang='lat' dir='ltr'><strong><em>oporam</em></strong></span> <span class='ocrx_word' id='word_1_257' title='bbox 558 2743 708 2811; x_wconf 76' lang='lat' dir='ltr'><strong><em>perdidisse</em></strong></span> <span class='ocrx_word' id='word_1_258' title='bbox 730 2743 863 2797; x_wconf 82' lang='lat' dir='ltr'><strong><em>videntur.</em></strong></span> <span class='ocrx_word' id='word_1_259' title='bbox 898 2745 969 2798; x_wconf 85' lang='lat' dir='ltr'><strong><em>Nam</em></strong></span> <span class='ocrx_word' id='word_1_260' title='bbox 988 2748 1095 2806; x_wconf 82' lang='lat' dir='ltr'><strong><em>nonde</em></strong></span> <span class='ocrx_word' id='word_1_261' title='bbox 1113 2765 1146 2800; x_wconf 91' lang='lat' dir='ltr'><strong><em>eo</em></strong></span> <span class='ocrx_word' id='word_1_262' title='bbox 1174 2740 1176 2745; x_wconf 68' lang='grc'><strong>’</strong></span> 
     </span>
     <span class='ocr_line' id='line_1_28' title="bbox 182 2827 1145 2898; baseline -0.001 -13"><span class='ocrx_word' id='word_1_263' title='bbox 182 2831 323 2886; x_wconf 78' lang='lat' dir='ltr'><strong><em>Parmenio</em></strong></span> <span class='ocrx_word' id='word_1_264' title='bbox 338 2828 474 2897; x_wconf 86' lang='lat' dir='ltr'><strong><em>loquitur,</em></strong></span> <span class='ocrx_word' id='word_1_265' title='bbox 498 2827 569 2895; x_wconf 86' lang='lat' dir='ltr'><strong><em>quod</em></strong></span> <span class='ocrx_word' id='word_1_266' title='bbox 583 2827 640 2880; x_wconf 81' lang='lat' dir='ltr'><strong><em>irae</em></strong></span> <span class='ocrx_word' id='word_1_267' title='bbox 655 2844 750 2880; x_wconf 79' lang='lat' dir='ltr'><strong><em>caussa</em></strong></span> <span class='ocrx_word' id='word_1_268' title='bbox 765 2827 865 2892; x_wconf 81' lang='lat' dir='ltr'><strong><em>tuerit,</em></strong></span> <span class='ocrx_word' id='word_1_269' title='bbox 891 2828 938 2880; x_wconf 72' lang='lat' dir='ltr'><strong><em>red</em></strong></span> <span class='ocrx_word' id='word_1_270' title='bbox 954 2831 1098 2898; x_wconf 83' lang='lat' dir='ltr'><strong><em>respondet</em></strong></span> <span class='ocrx_word' id='word_1_271' title='bbox 1111 2832 1145 2884; x_wconf 89' lang='lat' dir='ltr'><strong><em>de</em></strong></span> 
     </span>
     <span class='ocr_line' id='line_1_29' title="bbox 182 2911 1146 2984; baseline 0 -16"><span class='ocrx_word' id='word_1_272' title='bbox 182 2916 237 2984; x_wconf 72' lang='lat' dir='ltr'><strong><em>ique</em></strong></span> <span class='ocrx_word' id='word_1_273' title='bbox 260 2916 304 2968; x_wconf 85' lang='lat' dir='ltr'><strong><em>rei</em></strong></span> <span class='ocrx_word' id='word_1_274' title='bbox 327 2911 529 2980; x_wconf 79' lang='lat' dir='ltr'><strong><em>disquisitione:</em></strong></span> <span class='ocrx_word' id='word_1_275' title='bbox 559 2912 681 2977; x_wconf 81' lang='lat' dir='ltr'><strong><em>protecto</em></strong></span> <span class='ocrx_word' id='word_1_276' title='bbox 698 2928 751 2963; x_wconf 88' lang='lat' dir='ltr'><strong><em>non</em></strong></span> <span class='ocrx_word' id='word_1_277' title='bbox 766 2913 849 2965; x_wconf 79' lang='lat' dir='ltr'><strong><em>focile</em></strong></span> <span class='ocrx_word' id='word_1_278' title='bbox 864 2920 906 2966; x_wconf 83' lang='lat' dir='ltr'><strong><em>est</em></strong></span> <span class='ocrx_word' id='word_1_279' title='bbox 918 2927 979 2964; x_wconf 87' lang='lat' dir='ltr'><strong><em>rem</em></strong></span> <span class='ocrx_word' id='word_1_280' title='bbox 1001 2915 1035 2966; x_wconf 86' lang='lat' dir='ltr'><strong><em>ud</em></strong></span> <span class='ocrx_word' id='word_1_281' title='bbox 1051 2928 1146 2968; x_wconf 84' lang='lat' dir='ltr'><strong><em>verum</em></strong></span> 
     </span>
     <span class='ocr_line' id='line_1_30' title="bbox 182 2987 1145 3064; baseline 0.004 -14"><span class='ocrx_word' id='word_1_282' title='bbox 182 3001 311 3054; x_wconf 82' lang='lat' dir='ltr'><strong><em>rationem</em></strong></span> <span class='ocrx_word' id='word_1_283' title='bbox 327 2997 454 3064; x_wconf 81' lang='lat' dir='ltr'><strong><em>exigere:</em></strong></span> <span class='ocrx_word' id='word_1_284' title='bbox 474 2994 698 3062; x_wconf 79' lang='lat' dir='ltr'><strong><em>quemadmodum</em></strong></span> <span class='ocrx_word' id='word_1_285' title='bbox 711 2996 784 3062; x_wconf 79' lang='lat' dir='ltr'><strong><em>uqud</em></strong></span> <span class='ocrx_word' id='word_1_286' title='bbox 800 2997 909 3052; x_wconf 82' lang='lat' dir='ltr'><strong><em>Livium</em></strong></span> <span class='ocrx_word' id='word_1_287' title='bbox 922 2995 947 3063; x_wconf 91' lang='grc'><strong>3,</strong></span> <span class='ocrx_word' id='word_1_288' title='bbox 955 2987 981 3060; x_wconf 80' lang='grc'><strong>5,</strong></span> <span class='ocrx_word' id='word_1_289' title='bbox 989 2996 1030 3050; x_wconf 89' lang='grc'><strong>13.</strong></span> <span class='ocrx_word' id='word_1_290' title='bbox 1046 2999 1145 3055; x_wconf 83' lang='lat' dir='ltr'><strong><em>dieitur</em></strong></span> 
     </span>
     <span class='ocr_line' id='line_1_31' title="bbox 180 3080 1146 3151; baseline 0.001 -15"><span class='ocrx_word' id='word_1_291' title='bbox 180 3085 277 3151; x_wconf 72' lang='lat' dir='ltr'><strong><em>eccequi</em></strong></span> <span class='ocrx_word' id='word_1_292' title='bbox 292 3082 421 3134; x_wconf 79' lang='lat' dir='ltr'><strong><em>subtiliter</em></strong></span> <span class='ocrx_word' id='word_1_293' title='bbox 436 3097 577 3131; x_wconf 76' lang='lat' dir='ltr'><strong><em>numerum.</em></strong></span> <span class='ocrx_word' id='word_1_294' title='bbox 612 3080 648 3131; x_wconf 86' lang='lat' dir='ltr'><strong><em>Et</em></strong></span> <span class='ocrx_word' id='word_1_295' title='bbox 670 3081 742 3131; x_wconf 80' lang='lat' dir='ltr'><strong><em>ioud</em></strong></span> <span class='ocrx_word' id='word_1_296' title='bbox 759 3097 867 3148; x_wconf 81' lang='lat' dir='ltr'><strong><em>porcum</em></strong></span> <span class='ocrx_word' id='word_1_297' title='bbox 887 3097 920 3133; x_wconf 92' lang='lat' dir='ltr'><strong><em>eo</em></strong></span> <span class='ocrx_word' id='word_1_298' title='bbox 940 3083 1021 3135; x_wconf 88' lang='lat' dir='ltr'><strong><em>modo</em></strong></span> <span class='ocrx_word' id='word_1_299' title='bbox 1043 3083 1146 3137; x_wconf 80' lang='lat' dir='ltr'><strong><em>dictum</em></strong></span> 
     </span>
     <span class='ocr_line' id='line_1_32' title="bbox 180 3154 1146 3237; baseline 0.003 -16"><span class='ocrx_word' id='word_1_300' title='bbox 180 3175 232 3231; x_wconf 80' lang='lat' dir='ltr'><strong><em>ert,</em></strong></span> <span class='ocrx_word' id='word_1_301' title='bbox 254 3184 307 3235; x_wconf 87' lang='lat' dir='ltr'><strong><em>quo</em></strong></span> <span class='ocrx_word' id='word_1_302' title='bbox 329 3156 401 3231; x_wconf 80' lang='lat' dir='ltr'><strong><em>opud</em></strong></span> <span class='ocrx_word' id='word_1_303' title='bbox 418 3158 474 3216; x_wconf 80' lang='lat' dir='ltr'><strong><em>cic.</em></strong></span> <span class='ocrx_word' id='word_1_304' title='bbox 490 3163 573 3216; x_wconf 78' lang='lat' dir='ltr'><strong><em>dead.</em></strong></span> <span class='ocrx_word' id='word_1_305' title='bbox 590 3163 615 3226; x_wconf 91' lang='lat'><strong><em>1,</em></strong></span> <span class='ocrx_word' id='word_1_306' title='bbox 632 3154 696 3226; x_wconf 75' lang='grc'><strong>2,(1.</strong></span> <span class='ocrx_word' id='word_1_307' title='bbox 713 3165 774 3231; x_wconf 89' lang='lat' dir='ltr'><strong><em>quid</em></strong></span> <span class='ocrx_word' id='word_1_308' title='bbox 789 3173 829 3218; x_wconf 81' lang='lat' dir='ltr'><strong><em>ert</em></strong></span> <span class='ocrx_word' id='word_1_309' title='bbox 842 3167 910 3219; x_wconf 86' lang='lat' dir='ltr'><strong><em>euim</em></strong></span> <span class='ocrx_word' id='word_1_310' title='bbox 924 3185 1052 3237; x_wconf 75' lang='lat' dir='ltr'><strong><em>magnum</em></strong></span> <span class='ocrx_word' id='word_1_311' title='bbox 1065 3194 1099 3209; x_wconf 81' lang='lat'>-</span> <span class='ocrx_word' id='word_1_312' title='bbox 1115 3172 1146 3224; x_wconf 88' lang='lat' dir='ltr'><strong><em>de</em></strong></span> 
     </span>
     <span class='ocr_line' id='line_1_33' title="bbox 181 3247 791 3321; baseline -0.007 -19"><span class='ocrx_word' id='word_1_313' title='bbox 181 3251 383 3321; x_wconf 73' lang='lat' dir='ltr'><strong><em>corpusculorum</em></strong></span> <span class='ocrx_word' id='word_1_314' title='bbox 400 3250 556 3301; x_wconf 74' lang='lat' dir='ltr'><strong><em>concursione</em></strong></span> <span class='ocrx_word' id='word_1_315' title='bbox 572 3248 686 3315; x_wconf 75' lang='lat' dir='ltr'><strong><em>fortuito</em></strong></span> <span class='ocrx_word' id='word_1_316' title='bbox 701 3247 791 3314; x_wconf 72' lang='lat' dir='ltr'><strong><em>ioqui?</em></strong></span> 
     </span>
    </p>
   </div>
   <div class='ocr_carea' id='block_1_11' title="bbox 181 3343 1146 3588">
    <p class='ocr_par' dir='ltr' id='par_1_11' title="bbox 181 3343 1146 3588">
     <span class='ocr_line' id='line_1_34' title="bbox 210 3343 1143 3424; baseline 0.004 -19"><span class='ocrx_word' id='word_1_317' title='bbox 210 3353 300 3405; x_wconf 86' lang='lat' dir='ltr'><strong><em>Pluut.</em></strong></span> <span class='ocrx_word' id='word_1_318' title='bbox 311 3352 387 3403; x_wconf 85' lang='lat' dir='ltr'><strong><em>Pers.</em></strong></span> <span class='ocrx_word' id='word_1_319' title='bbox 396 3351 421 3413; x_wconf 84' lang='lat'><strong><em>2,</em></strong></span> <span class='ocrx_word' id='word_1_320' title='bbox 427 3343 455 3414; x_wconf 74' lang='grc'><strong><em>’9,</em></strong></span> <span class='ocrx_word' id='word_1_321' title='bbox 463 3347 505 3400; x_wconf 84' lang='grc'><strong>49.</strong></span> <span class='ocrx_word' id='word_1_322' title='bbox 523 3358 553 3402; x_wconf 89' lang='lat' dir='ltr'><strong><em>tu</em></strong></span> <span class='ocrx_word' id='word_1_323' title='bbox 568 3350 668 3415; x_wconf 87' lang='lat' dir='ltr'><strong><em>quidem</em></strong></span> <span class='ocrx_word' id='word_1_324' title='bbox 683 3350 888 3405; x_wconf 71' lang='lat' dir='ltr'><strong><em>teuderamus</em></strong></span> <span class='ocrx_word' id='word_1_325' title='bbox 903 3350 1036 3422; x_wconf 70' lang='lat' dir='ltr'><strong><em>octogiuta</em></strong></span> <span class='ocrx_word' id='word_1_326' title='bbox 1048 3357 1143 3424; x_wconf 73' lang='lat' dir='ltr'><strong><em>pondo.</em></strong></span> 
     </span>
     <span class='ocr_line' id='line_1_35' title="bbox 181 3432 1146 3508; baseline 0.005 -20"><span class='ocrx_word' id='word_1_327' title='bbox 181 3436 279 3488; x_wconf 82' lang='lat' dir='ltr'><strong><em>Bacch.</em></strong></span> <span class='ocrx_word' id='word_1_328' title='bbox 295 3433 321 3498; x_wconf 85' lang='lat'><strong><em>4,</em></strong></span> <span class='ocrx_word' id='word_1_329' title='bbox 337 3432 362 3498; x_wconf 91' lang='grc'><strong><em>9,</em></strong></span> <span class='ocrx_word' id='word_1_330' title='bbox 377 3433 419 3487; x_wconf 74' lang='grc'><strong>73.</strong></span> <span class='ocrx_word' id='word_1_331' title='bbox 445 3451 517 3486; x_wconf 85' lang='lat' dir='ltr'><strong><em>cerae</em></strong></span> <span class='ocrx_word' id='word_1_332' title='bbox 534 3435 635 3500; x_wconf 83' lang='lat' dir='ltr'><strong><em>quidem</em></strong></span> <span class='ocrx_word' id='word_1_333' title='bbox 649 3436 720 3486; x_wconf 75' lang='lat' dir='ltr'><strong><em>tout</em></strong></span> <span class='ocrx_word' id='word_1_334' title='bbox 735 3440 835 3502; x_wconf 63' lang='lat' dir='ltr'><strong><em>parsit.</em></strong></span> <span class='ocrx_word' id='word_1_335' title='bbox 862 3455 941 3506; x_wconf 86' lang='lat' dir='ltr'><strong><em>neque</em></strong></span> <span class='ocrx_word' id='word_1_336' title='bbox 958 3440 1023 3489; x_wconf 85' lang='lat' dir='ltr'><strong><em>stilo.</em></strong></span> <span class='ocrx_word' id='word_1_337' title='bbox 1047 3439 1146 3508; x_wconf 75' lang='lat' dir='ltr'><strong><em>vugil.</em></strong></span> 
     </span>
     <span class='ocr_line' id='line_1_36' title="bbox 181 3517 1118 3588; baseline 0.006 -18"><span class='ocrx_word' id='word_1_338' title='bbox 181 3520 241 3572; x_wconf 78' lang='lat' dir='ltr'><strong><em>Aen.</em></strong></span> <span class='ocrx_word' id='word_1_339' title='bbox 256 3520 282 3584; x_wconf 89' lang='grc'><strong>3,</strong></span> <span class='ocrx_word' id='word_1_340' title='bbox 301 3517 361 3570; x_wconf 81' lang='grc'><strong>328.</strong></span> <span class='ocrx_word' id='word_1_341' title='bbox 378 3520 449 3569; x_wconf 83' lang='lat' dir='ltr'><strong><em>houd</em></strong></span> <span class='ocrx_word' id='word_1_342' title='bbox 463 3520 566 3585; x_wconf 81' lang='lat' dir='ltr'><strong><em>impune</em></strong></span> <span class='ocrx_word' id='word_1_343' title='bbox 580 3520 695 3585; x_wconf 85' lang='lat' dir='ltr'><strong><em>quidem,</em></strong></span> <span class='ocrx_word' id='word_1_344' title='bbox 714 3536 758 3570; x_wconf 85' lang='lat' dir='ltr'><strong><em>noc</em></strong></span> <span class='ocrx_word' id='word_1_345' title='bbox 774 3522 840 3572; x_wconf 86' lang='lat' dir='ltr'><strong><em>tolio</em></strong></span> <span class='ocrx_word' id='word_1_346' title='bbox 853 3536 946 3588; x_wconf 73' lang='lat' dir='ltr'><strong><em>pomus</em></strong></span> <span class='ocrx_word' id='word_1_347' title='bbox 965 3523 1049 3575; x_wconf 76' lang='lat' dir='ltr'><strong><em>Vtues</em></strong></span> <span class='ocrx_word' id='word_1_348' title='bbox 1065 3530 1118 3576; x_wconf 90' lang='lat' dir='ltr'><strong><em>etc.</em></strong></span> 
     </span>
    </p>
   </div>
   <div class='ocr_carea' id='block_1_12' title="bbox 152 3618 1146 4112">
    <p class='ocr_par' dir='ltr' id='par_1_12' title="bbox 182 3618 1146 3947">
     <span class='ocr_line' id='line_1_37' title="bbox 212 3618 1146 3692; baseline 0.007 -20"><span class='ocrx_word' id='word_1_349' title='bbox 212 3623 303 3673; x_wconf 84' lang='lat' dir='ltr'><strong><em>Plout.</em></strong></span> <span class='ocrx_word' id='word_1_350' title='bbox 318 3622 404 3672; x_wconf 80' lang='lat' dir='ltr'><strong><em>More.</em></strong></span> <span class='ocrx_word' id='word_1_351' title='bbox 421 3618 447 3682; x_wconf 91' lang='grc'><strong>3,</strong></span> <span class='ocrx_word' id='word_1_352' title='bbox 462 3618 488 3682; x_wconf 88' lang='lat' dir='ltr'><strong><em>l,</em></strong></span> <span class='ocrx_word' id='word_1_353' title='bbox 502 3619 543 3671; x_wconf 83' lang='lat'><strong><em>16.</em></strong></span> <span class='ocrx_word' id='word_1_354' title='bbox 561 3626 589 3672; x_wconf 87' lang='lat' dir='ltr'><strong><em>et</em></strong></span> <span class='ocrx_word' id='word_1_355' title='bbox 603 3620 713 3672; x_wconf 84' lang='lat' dir='ltr'><strong><em>Terent.</em></strong></span> <span class='ocrx_word' id='word_1_356' title='bbox 729 3622 798 3673; x_wconf 89' lang='lat' dir='ltr'><strong><em>Hec.</em></strong></span> <span class='ocrx_word' id='word_1_357' title='bbox 810 3621 835 3686; x_wconf 76' lang='lat'><strong><em>2,</em></strong></span> <span class='ocrx_word' id='word_1_358' title='bbox 850 3622 875 3686; x_wconf 89' lang='lat'><strong><em>1,</em></strong></span> <span class='ocrx_word' id='word_1_359' title='bbox 885 3620 927 3674; x_wconf 80' lang='lat'><strong><em>35.</em></strong></span> <span class='ocrx_word' id='word_1_360' title='bbox 947 3625 1019 3677; x_wconf 77' lang='lat' dir='ltr'><strong><em>houd</em></strong></span> <span class='ocrx_word' id='word_1_361' title='bbox 1033 3627 1146 3692; x_wconf 84' lang='lat' dir='ltr'><strong><em>equidem</em></strong></span> 
     </span>
     <span class='ocr_line' id='line_1_38' title="bbox 182 3701 1145 3777; baseline 0.011 -24"><span class='ocrx_word' id='word_1_362' title='bbox 182 3704 240 3756; x_wconf 89' lang='lat' dir='ltr'><strong><em>dico.</em></strong></span> <span class='ocrx_word' id='word_1_363' title='bbox 269 3701 601 3772; x_wconf 74' lang='lat' dir='ltr'><strong><em>cic.donog.3,11‚et.</em></strong></span> <span class='ocrx_word' id='word_1_364' title='bbox 618 3705 691 3756; x_wconf 78' lang='lat' dir='ltr'><strong><em>houd</em></strong></span> <span class='ocrx_word' id='word_1_365' title='bbox 699 3707 813 3771; x_wconf 71' lang='lat' dir='ltr'><strong><em>equitem</em></strong></span> <span class='ocrx_word' id='word_1_366' title='bbox 830 3708 960 3760; x_wconf 81' lang='lat' dir='ltr'><strong><em>assentior.</em></strong></span> <span class='ocrx_word' id='word_1_367' title='bbox 984 3707 1145 3777; x_wconf 69' lang='lat' dir='ltr'><strong><em>uirgineo.</em></strong></span> 
     </span>
     <span class='ocr_line' id='line_1_39' title="bbox 182 3781 1146 3861; baseline 0.013 -25"><span class='ocrx_word' id='word_1_368' title='bbox 182 3785 205 3847; x_wconf 88' lang='grc'><strong><em>1,</em></strong></span> <span class='ocrx_word' id='word_1_369' title='bbox 217 3786 290 3841; x_wconf 80' lang='grc'><strong>415.“</strong></span> <span class='ocrx_word' id='word_1_370' title='bbox 302 3790 374 3841; x_wconf 76' lang='lat' dir='ltr'><strong><em>haud</em></strong></span> <span class='ocrx_word' id='word_1_371' title='bbox 388 3789 504 3856; x_wconf 82' lang='lat' dir='ltr'><strong><em>equidem</em></strong></span> <span class='ocrx_word' id='word_1_372' title='bbox 518 3790 600 3841; x_wconf 82' lang='lat' dir='ltr'><strong><em>credo.</em></strong></span> <span class='ocrx_word' id='word_1_373' title='bbox 632 3781 699 3841; x_wconf 82' lang='lat' dir='ltr'><strong><em>Aen.</em></strong></span> <span class='ocrx_word' id='word_1_374' title='bbox 717 3790 741 3856; x_wconf 89' lang='lat' dir='ltr'><strong><em>l,</em></strong></span> <span class='ocrx_word' id='word_1_375' title='bbox 755 3788 814 3843; x_wconf 81' lang='grc'><strong>335.</strong></span> <span class='ocrx_word' id='word_1_376' title='bbox 831 3793 902 3844; x_wconf 84' lang='lat' dir='ltr'><strong><em>iruud</em></strong></span> <span class='ocrx_word' id='word_1_377' title='bbox 915 3794 1030 3861; x_wconf 85' lang='lat' dir='ltr'><strong><em>equidem</em></strong></span> <span class='ocrx_word' id='word_1_378' title='bbox 1043 3795 1091 3846; x_wconf 87' lang='lat' dir='ltr'><strong><em>toli</em></strong></span> <span class='ocrx_word' id='word_1_379' title='bbox 1104 3812 1146 3848; x_wconf 91' lang='lat' dir='ltr'><strong><em>me</em></strong></span> 
     </span>
     <span class='ocr_line' id='line_1_40' title="bbox 182 3867 1145 3947; baseline 0.012 -27"><span class='ocrx_word' id='word_1_380' title='bbox 182 3871 270 3938; x_wconf 81' lang='lat' dir='ltr'><strong><em>dignor</em></strong></span> <span class='ocrx_word' id='word_1_381' title='bbox 283 3874 386 3924; x_wconf 79' lang='lat' dir='ltr'><strong><em>ttouorr.</em></strong></span> <span class='ocrx_word' id='word_1_382' title='bbox 411 3867 511 3933; x_wconf 65' lang='lat' dir='ltr'><strong><em>uem.</em></strong></span> <span class='ocrx_word' id='word_1_383' title='bbox 531 3868 735 3940; x_wconf 73' lang='lat' dir='ltr'><strong><em>uum&#39;equiden</em></strong></span> <span class='ocrx_word' id='word_1_384' title='bbox 752 3877 836 3943; x_wconf 83' lang='lat' dir='ltr'><strong><em>pretio</em></strong></span> <span class='ocrx_word' id='word_1_385' title='bbox 857 3878 973 3930; x_wconf 83' lang='lat' dir='ltr'><strong><em>inductus</em></strong></span> <span class='ocrx_word' id='word_1_386' title='bbox 988 3879 1145 3947; x_wconf 78' lang='lat' dir='ltr'><strong><em>pulchroque</em></strong></span> 
     </span>
    </p>

    <p class='ocr_par' dir='ltr' id='par_1_13' title="bbox 152 3952 1145 4112">
     <span class='ocr_line' id='line_1_41' title="bbox 152 3952 1145 4029; baseline 0.015 -28"><span class='ocrx_word' id='word_1_387' title='bbox 152 3968 158 3977; x_wconf 88' lang='lat'><strong>·</strong></span> <span class='ocrx_word' id='word_1_388' title='bbox 184 3952 278 4007; x_wconf 85' lang='lat' dir='ltr'><strong><em>iuuenco</em></strong></span> <span class='ocrx_word' id='word_1_389' title='bbox 294 3957 423 4007; x_wconf 83' lang='lat' dir='ltr'><strong><em>venissem.</em></strong></span> <span class='ocrx_word' id='word_1_390' title='bbox 459 3956 550 4009; x_wconf 85' lang='lat' dir='ltr'><strong><em>Pleut.</em></strong></span> <span class='ocrx_word' id='word_1_391' title='bbox 566 3955 625 4008; x_wconf 84' lang='lat' dir='ltr'><strong><em>Mil.</em></strong></span> <span class='ocrx_word' id='word_1_392' title='bbox 642 3954 667 4021; x_wconf 89' lang='grc'><strong>3,</strong></span> <span class='ocrx_word' id='word_1_393' title='bbox 684 3956 709 4021; x_wconf 89' lang='lat' dir='ltr'><strong><em>l,</em></strong></span> <span class='ocrx_word' id='word_1_394' title='bbox 726 3956 767 4010; x_wconf 76' lang='grc'><strong>35.</strong></span> <span class='ocrx_word' id='word_1_395' title='bbox 791 3977 853 4011; x_wconf 88' lang='lat' dir='ltr'><strong><em>uam</em></strong></span> <span class='ocrx_word' id='word_1_396' title='bbox 871 3963 989 4029; x_wconf 85' lang='lat' dir='ltr'><strong><em>equidem</em></strong></span> <span class='ocrx_word' id='word_1_397' title='bbox 999 3965 1069 4019; x_wconf 79' lang='lat' dir='ltr'><strong><em>tout</em></strong></span> <span class='ocrx_word' id='word_1_398' title='bbox 1087 3982 1145 4018; x_wconf 81' lang='lat' dir='ltr'><strong><em>eum</em></strong></span> 
     </span>
     <span class='ocr_line' id='line_1_42' title="bbox 185 4042 857 4112; baseline 0.013 -25"><span class='ocrx_word' id='word_1_399' title='bbox 185 4052 255 4091; x_wconf 81' lang='lat' dir='ltr'><strong><em>onnus</em></strong></span> <span class='ocrx_word' id='word_1_400' title='bbox 276 4047 354 4097; x_wconf 82' lang='lat' dir='ltr'><strong><em>uatus</em></strong></span> <span class='ocrx_word' id='word_1_401' title='bbox 375 4046 482 4109; x_wconf 82' lang='lat' dir='ltr'><strong><em>praeter</em></strong></span> <span class='ocrx_word' id='word_1_402' title='bbox 496 4042 687 4111; x_wconf 78' lang='lat' dir='ltr'><strong><em>quinquaginta</em></strong></span> <span class='ocrx_word' id='word_1_403' title='bbox 704 4049 729 4097; x_wconf 86' lang='lat' dir='ltr'><strong><em>et</em></strong></span> <span class='ocrx_word' id='word_1_404' title='bbox 743 4051 857 4112; x_wconf 86' lang='lat' dir='ltr'><strong><em>quotuor.</em></strong></span> 
     </span>
    </p>
   </div>
   <div class='ocr_carea' id='block_1_13' title="bbox 0 0 1320 4770">
    <p class='ocr_par' dir='ltr' id='par_1_14' title="bbox 0 0 1320 4770">
     <span class='ocr_line' id='line_1_43' title="bbox 0 0 1320 4770; baseline 0 0"><span class='ocrx_word' id='word_1_405' title='bbox 0 0 1320 4770; x_wconf 95' lang='lat' dir='ltr'><strong><em> </em></strong></span> 
     </span>
    </p>
   </div>
  </div>
 </body>
</html>
