<?xml version="1.0" encoding="UTF-8"?>
<!DOCTYPE html PUBLIC "-//W3C//DTD XHTML 1.0 Transitional//EN"
    "http://www.w3.org/TR/xhtml1/DTD/xhtml1-transitional.dtd">
<html xmlns="http://www.w3.org/1999/xhtml" xml:lang="en" lang="en">
 <head>
  <title>
</title>
<meta http-equiv="Content-Type" content="text/html;charset=utf-8" />
  <meta name='ocr-system' content='tesseract 3.04.00' />
  <meta name='ocr-capabilities' content='ocr_page ocr_carea ocr_par ocr_line ocrx_word'/>
</head>
<body>
  <div class='ocr_page' id='page_1' title='image "./tursellinusseud01handgoog_0613.png"; bbox 0 0 2632 4770; ppageno 0'>
   <div class='ocr_carea' id='block_1_1' title="bbox 433 224 1111 337">
    <p class='ocr_par' dir='ltr' id='par_1_1' title="bbox 433 224 1111 337">
     <span class='ocr_line' id='line_1_1' title="bbox 433 224 1111 337; baseline 0.003 -22"><span class='ocrx_word' id='word_1_1' title='bbox 433 320 437 326; x_wconf 69' lang='grc'><strong>,</strong></span> <span class='ocrx_word' id='word_1_2' title='bbox 513 239 666 317; x_wconf 69' lang='lat' dir='ltr'>MODO.</span> <span class='ocrx_word' id='word_1_3' title='bbox 800 324 807 337; x_wconf 22' lang='grc' dir='ltr'>Ι,</span> <span class='ocrx_word' id='word_1_4' title='bbox 1000 224 1111 317; x_wconf 72' lang='lat' dir='ltr'>‘ors</span> 
     </span>
    </p>
   </div>
   <div class='ocr_carea' id='block_1_2' title="bbox 126 391 1110 548">
    <p class='ocr_par' dir='ltr' id='par_1_2' title="bbox 126 391 1110 548">
     <span class='ocr_line' id='line_1_2' title="bbox 126 391 1110 469; baseline 0.008 -22"><span class='ocrx_word' id='word_1_5' title='bbox 126 395 201 451; x_wconf 75' lang='lat' dir='ltr'>moda</span> <span class='ocrx_word' id='word_1_6' title='bbox 215 391 339 447; x_wconf 63' lang='grc' dir='ltr'>1κωίιαί</span> <span class='ocrx_word' id='word_1_7' title='bbox 348 391 413 445; x_wconf 86' lang='lat' dir='ltr'>satie</span> <span class='ocrx_word' id='word_1_8' title='bbox 428 406 556 460; x_wconf 72' lang='lat' dir='ltr'>superque</span> <span class='ocrx_word' id='word_1_9' title='bbox 564 393 648 465; x_wconf 73' lang='lat' dir='ltr'>soret.</span> <span class='ocrx_word' id='word_1_10' title='bbox 664 392 693 445; x_wconf 86' lang='lat' dir='ltr'>b.</span> <span class='ocrx_word' id='word_1_11' title='bbox 711 409 735 449; x_wconf 87' lang='lat' dir='ltr'>e.</span> <span class='ocrx_word' id='word_1_12' title='bbox 754 398 785 447; x_wconf 88' lang='lat' dir='ltr'>ut</span> <span class='ocrx_word' id='word_1_13' title='bbox 799 411 853 447; x_wconf 86' lang='lat' dir='ltr'>uon</span> <span class='ocrx_word' id='word_1_14' title='bbox 867 411 934 465; x_wconf 78' lang='lat' dir='ltr'>apua</span> <span class='ocrx_word' id='word_1_15' title='bbox 950 405 1023 453; x_wconf 81' lang='lat' dir='ltr'>aeret</span> <span class='ocrx_word' id='word_1_16' title='bbox 1038 415 1110 469; x_wconf 81' lang='lat' dir='ltr'>aqua</span> 
     </span>
     <span class='ocr_line' id='line_1_3' title="bbox 126 475 961 548; baseline 0 -15"><span class='ocrx_word' id='word_1_17' title='bbox 126 496 159 533; x_wconf 81' lang='lat' dir='ltr'>ex</span> <span class='ocrx_word' id='word_1_18' title='bbox 174 477 287 531; x_wconf 86' lang='lat' dir='ltr'>flumine</span> <span class='ocrx_word' id='word_1_19' title='bbox 301 477 417 540; x_wconf 80' lang='lat' dir='ltr'>hausta,</span> <span class='ocrx_word' id='word_1_20' title='bbox 432 491 487 545; x_wconf 77' lang='lat' dir='ltr'>qua</span> <span class='ocrx_word' id='word_1_21' title='bbox 503 475 626 534; x_wconf 84' lang='lat' dir='ltr'>iumenta</span> <span class='ocrx_word' id='word_1_22' title='bbox 639 484 805 541; x_wconf 79' lang='lat' dir='ltr'>oneraverat</span> <span class='ocrx_word' id='word_1_23' title='bbox 818 479 961 548; x_wconf 75' lang='lat' dir='ltr'><strong>Iugurtha.</strong></span> 
     </span>
    </p>
   </div>
   <div class='ocr_carea' id='block_1_3' title="bbox 122 574 1110 907">
    <p class='ocr_par' dir='ltr' id='par_1_3' title="bbox 122 574 1110 907">
     <span class='ocr_line' id='line_1_4' title="bbox 161 574 1110 658; baseline 0.004 -24"><span class='ocrx_word' id='word_1_24' title='bbox 161 581 276 635; x_wconf 83' lang='lat' dir='ltr'>Sallust.</span> <span class='ocrx_word' id='word_1_25' title='bbox 289 580 350 648; x_wconf 81' lang='lat' dir='ltr'>lug.</span> <span class='ocrx_word' id='word_1_26' title='bbox 365 575 409 643; x_wconf 82' lang='lat'>88,</span> <span class='ocrx_word' id='word_1_27' title='bbox 425 574 453 654; x_wconf 96' lang='grc'>4</span> <span class='ocrx_word' id='word_1_28' title='bbox 470 595 536 646; x_wconf 75' lang='lat' dir='ltr'>quae</span> <span class='ocrx_word' id='word_1_29' title='bbox 544 585 682 658; x_wconf 59' lang='grc' dir='ltr'>μείω</span> <span class='ocrx_word' id='word_1_30' title='bbox 695 581 814 651; x_wconf 81' lang='lat' dir='ltr'>gloriosa</span> <span class='ocrx_word' id='word_1_31' title='bbox 836 584 928 647; x_wconf 81' lang='lat' dir='ltr'>modo,</span> <span class='ocrx_word' id='word_1_32' title='bbox 947 598 1029 653; x_wconf 73' lang='lat' dir='ltr'>neque</span> <span class='ocrx_word' id='word_1_33' title='bbox 1051 584 1110 638; x_wconf 75' lang='lat' dir='ltr'>taut</span> 
     </span>
     <span class='ocr_line' id='line_1_5' title="bbox 123 660 1107 737; baseline 0.003 -17"><span class='ocrx_word' id='word_1_34' title='bbox 123 667 252 737; x_wconf 81' lang='lat' dir='ltr'>patrandi</span> <span class='ocrx_word' id='word_1_35' title='bbox 269 664 405 735; x_wconf 82' lang='lat' dir='ltr'>regnauit.</span> <span class='ocrx_word' id='word_1_36' title='bbox 420 660 440 716; x_wconf 91' lang='lat' dir='ltr'>i.</span> <span class='ocrx_word' id='word_1_37' title='bbox 464 678 488 713; x_wconf 90' lang='lat' dir='ltr'>e.</span> <span class='ocrx_word' id='word_1_38' title='bbox 506 663 636 719; x_wconf 73' lang='lat' dir='ltr'>erranti</span> <span class='ocrx_word' id='word_1_39' title='bbox 656 682 694 717; x_wconf 89' lang='lat' dir='ltr'>aa</span> <span class='ocrx_word' id='word_1_40' title='bbox 715 666 778 719; x_wconf 82' lang='lat' dir='ltr'>sicle.</span> <span class='ocrx_word' id='word_1_41' title='bbox 819 664 934 723; x_wconf 83' lang='lat' dir='ltr'>Servius</span> <span class='ocrx_word' id='word_1_42' title='bbox 958 666 994 719; x_wconf 89' lang='lat' dir='ltr'>ud</span> <span class='ocrx_word' id='word_1_43' title='bbox 1010 666 1107 736; x_wconf 68' lang='lat' dir='ltr'>virgil.</span> 
     </span>
     <span class='ocr_line' id='line_1_6' title="bbox 126 739 1108 817; baseline 0.003 -13"><span class='ocrx_word' id='word_1_44' title='bbox 126 752 195 807; x_wconf 73' lang='lat' dir='ltr'>den.</span> <span class='ocrx_word' id='word_1_45' title='bbox 212 750 256 814; x_wconf 83' lang='lat'>10,</span> <span class='ocrx_word' id='word_1_46' title='bbox 274 748 334 802; x_wconf 82' lang='lat'>118.</span> <span class='ocrx_word' id='word_1_47' title='bbox 354 749 455 803; x_wconf 85' lang='lat' dir='ltr'>instant</span> <span class='ocrx_word' id='word_1_48' title='bbox 470 748 554 815; x_wconf 69' lang='lat' dir='ltr'>porus</span> <span class='ocrx_word' id='word_1_49' title='bbox 573 749 689 804; x_wconf 74' lang='lat' dir='ltr'>annilius</span> <span class='ocrx_word' id='word_1_50' title='bbox 706 751 820 817; x_wconf 74' lang='lat' dir='ltr'>circam,</span> <span class='ocrx_word' id='word_1_51' title='bbox 840 753 924 807; x_wconf 85' lang='lat' dir='ltr'>idest</span> <span class='ocrx_word' id='word_1_52' title='bbox 941 739 1108 807; x_wconf 82' lang='lat' dir='ltr'>circumcirca</span> 
     </span>
     <span class='ocr_line' id='line_1_7' title="bbox 122 832 822 907; baseline -0.003 -18"><span class='ocrx_word' id='word_1_53' title='bbox 122 837 197 907; x_wconf 71' lang='lat' dir='ltr'>sest:</span> <span class='ocrx_word' id='word_1_54' title='bbox 215 852 280 892; x_wconf 84' lang='lat' dir='ltr'>nan</span> <span class='ocrx_word' id='word_1_55' title='bbox 294 834 371 893; x_wconf 82' lang='lat' dir='ltr'>nodo</span> <span class='ocrx_word' id='word_1_56' title='bbox 392 832 696 891; x_wconf 63' lang='lat' dir='ltr'>ateana-oannem„</span> <span class='ocrx_word' id='word_1_57' title='bbox 712 835 822 891; x_wconf 74' lang='lat' dir='ltr'>nune.</span> 
     </span>
    </p>
   </div>
   <div class='ocr_carea' id='block_1_4' title="bbox 57 952 1157 1473">
    <p class='ocr_par' dir='ltr' id='par_1_4' title="bbox 57 952 1157 1473">
     <span class='ocr_line' id='line_1_8' title="bbox 142 952 1106 1101; baseline 0.001 -78"><span class='ocrx_word' id='word_1_58' title='bbox 142 963 174 1023; x_wconf 80' lang='lat'>3.</span> <span class='ocrx_word' id='word_1_59' title='bbox 196 953 304 1019; x_wconf 84' lang='lat' dir='ltr'>Facile</span> <span class='ocrx_word' id='word_1_60' title='bbox 323 952 535 1039; x_wconf 76' lang='lat' dir='ltr'>intelligitur,</span> <span class='ocrx_word' id='word_1_61' title='bbox 555 974 621 1101; x_wconf 52' lang='lat' dir='ltr'>gua</span> <span class='ocrx_word' id='word_1_62' title='bbox 644 954 696 1021; x_wconf 82' lang='lat' dir='ltr'>via</span> <span class='ocrx_word' id='word_1_63' title='bbox 717 955 874 1023; x_wconf 82' lang='lat' dir='ltr'>modoad</span> <span class='ocrx_word' id='word_1_64' title='bbox 893 956 1106 1047; x_wconf 82' lang='lat' dir='ltr'>significatio-</span> 
     </span>
     <span class='ocr_line' id='line_1_9' title="bbox 58 1038 1103 1121; baseline 0.004 -15"><span class='ocrx_word' id='word_1_65' title='bbox 58 1064 137 1108; x_wconf 89' lang='lat' dir='ltr'>nem</span> <span class='ocrx_word' id='word_1_66' title='bbox 163 1051 318 1121; x_wconf 74' lang='lat' dir='ltr'>tuntnm,</span> <span class='ocrx_word' id='word_1_67' title='bbox 347 1038 456 1104; x_wconf 76' lang='lat' dir='ltr'>saliem</span> <span class='ocrx_word' id='word_1_68' title='bbox 479 1060 552 1103; x_wconf 88' lang='lat' dir='ltr'>accc</span> <span class='ocrx_word' id='word_1_69' title='bbox 578 1049 621 1103; x_wconf 84' lang='lat' dir='ltr'>at.</span> <span class='ocrx_word' id='word_1_70' title='bbox 671 1042 745 1108; x_wconf 77' lang='lat' dir='ltr'>Vua</span> <span class='ocrx_word' id='word_1_71' title='bbox 769 1043 857 1107; x_wconf 86' lang='lat' dir='ltr'>enim</span> <span class='ocrx_word' id='word_1_72' title='bbox 877 1066 931 1109; x_wconf 85' lang='lat' dir='ltr'>res</span> <span class='ocrx_word' id='word_1_73' title='bbox 955 1056 1103 1110; x_wconf 88' lang='lat' dir='ltr'>tenetur:</span> 
     </span>
     <span class='ocr_line' id='line_1_10' title="bbox 59 1124 1157 1213; baseline 0.004 -21"><span class='ocrx_word' id='word_1_74' title='bbox 59 1126 265 1209; x_wconf 82' lang='lat' dir='ltr'>contrarium</span> <span class='ocrx_word' id='word_1_75' title='bbox 282 1125 429 1193; x_wconf 85' lang='lat' dir='ltr'>reiicitur</span> <span class='ocrx_word' id='word_1_76' title='bbox 445 1135 501 1188; x_wconf 88' lang='lat' dir='ltr'>aut</span> <span class='ocrx_word' id='word_1_77' title='bbox 516 1135 672 1213; x_wconf 86' lang='lat' dir='ltr'>negatur,</span> <span class='ocrx_word' id='word_1_78' title='bbox 699 1124 758 1189; x_wconf 67' lang='lat' dir='ltr'>,au&#39;t</span> <span class='ocrx_word' id='word_1_79' title='bbox 773 1126 830 1191; x_wconf 88' lang='lat' dir='ltr'>reli</span> <span class='ocrx_word' id='word_1_80' title='bbox 856 1148 915 1193; x_wconf 86' lang='lat' dir='ltr'>uae</span> <span class='ocrx_word' id='word_1_81' title='bbox 930 1154 982 1195; x_wconf 85' lang='lat' dir='ltr'>res</span> <span class='ocrx_word' id='word_1_82' title='bbox 1000 1133 1107 1195; x_wconf 90' lang='lat' dir='ltr'>omit-&#39;</span> <span class='ocrx_word' id='word_1_83' title='bbox 1147 1158 1157 1169; x_wconf 69' lang='lat'><em>¹</em></span> 
     </span>
     <span class='ocr_line' id='line_1_11' title="bbox 59 1206 1104 1298; baseline 0.008 -25"><span class='ocrx_word' id='word_1_84' title='bbox 59 1223 187 1276; x_wconf 85' lang='lat' dir='ltr'>tantur.</span> <span class='ocrx_word' id='word_1_85' title='bbox 232 1210 281 1274; x_wconf 87' lang='lat' dir='ltr'>lta</span> <span class='ocrx_word' id='word_1_86' title='bbox 307 1230 348 1275; x_wconf 88' lang='lat' dir='ltr'>ex</span> <span class='ocrx_word' id='word_1_87' title='bbox 364 1206 569 1298; x_wconf 72' lang='lat' dir='ltr'>dielichen,</span> <span class='ocrx_word' id='word_1_88' title='bbox 590 1208 682 1296; x_wconf 90' lang='lat' dir='ltr'>quod</span> <span class='ocrx_word' id='word_1_89' title='bbox 700 1210 733 1275; x_wconf 91' lang='lat' dir='ltr'>in</span> <span class='ocrx_word' id='word_1_90' title='bbox 751 1233 786 1275; x_wconf 88' lang='lat' dir='ltr'>se</span> <span class='ocrx_word' id='word_1_91' title='bbox 802 1214 843 1276; x_wconf 90' lang='lat' dir='ltr'>ha</span> <span class='ocrx_word' id='word_1_92' title='bbox 868 1217 989 1279; x_wconf 81' lang='lat' dir='ltr'>stand</span> <span class='ocrx_word' id='word_1_93' title='bbox 1009 1218 1104 1281; x_wconf 75' lang='lat' dir='ltr'>nient</span> 
     </span>
     <span class='ocr_line' id='line_1_12' title="bbox 57 1294 1103 1386; baseline 0.004 -24"><span class='ocrx_word' id='word_1_94' title='bbox 57 1300 161 1386; x_wconf 69' lang='lat' dir='ltr'>iures,</span> <span class='ocrx_word' id='word_1_95' title='bbox 182 1295 220 1359; x_wconf 84' lang='lat' dir='ltr'>lit</span> <span class='ocrx_word' id='word_1_96' title='bbox 234 1295 308 1360; x_wconf 79' lang='lat' dir='ltr'>dier</span> <span class='ocrx_word' id='word_1_97' title='bbox 324 1318 401 1361; x_wconf 85' lang='lat' dir='ltr'>nur.</span> <span class='ocrx_word' id='word_1_98' title='bbox 446 1294 483 1358; x_wconf 91' lang='lat' dir='ltr'>ld</span> <span class='ocrx_word' id='word_1_99' title='bbox 500 1294 589 1380; x_wconf 92' lang='lat' dir='ltr'>quod</span> <span class='ocrx_word' id='word_1_100' title='bbox 604 1304 745 1381; x_wconf 87' lang='lat' dir='ltr'>negatur</span> <span class='ocrx_word' id='word_1_101' title='bbox 761 1297 811 1361; x_wconf 87' lang='lat' dir='ltr'>vel</span> <span class='ocrx_word' id='word_1_102' title='bbox 829 1298 1024 1374; x_wconf 72' lang='lat' dir='ltr'>excluditur,</span> <span class='ocrx_word' id='word_1_103' title='bbox 1047 1312 1103 1366; x_wconf 89' lang='lat' dir='ltr'>aut</span> 
     </span>
     <span class='ocr_line' id='line_1_13' title="bbox 60 1380 1077 1473; baseline 0.001 -24"><span class='ocrx_word' id='word_1_104' title='bbox 60 1384 168 1449; x_wconf 88' lang='lat' dir='ltr'>verbis</span> <span class='ocrx_word' id='word_1_105' title='bbox 187 1381 343 1467; x_wconf 76' lang='lat' dir='ltr'>negativis</span> <span class='ocrx_word' id='word_1_106' title='bbox 359 1380 558 1469; x_wconf 84' lang='lat' dir='ltr'>exprimitur</span> <span class='ocrx_word' id='word_1_107' title='bbox 576 1392 632 1447; x_wconf 87' lang='lat' dir='ltr'>aut</span> <span class='ocrx_word' id='word_1_108' title='bbox 647 1383 845 1473; x_wconf 78' lang='lat' dir='ltr'>cogitatione</span> <span class='ocrx_word' id='word_1_109' title='bbox 859 1383 1077 1450; x_wconf 78' lang='lat' dir='ltr'>substituitur.</span> 
     </span>
    </p>
   </div>
   <div class='ocr_carea' id='block_1_5' title="bbox 124 1494 1160 3271">
    <p class='ocr_par' dir='ltr' id='par_1_5' title="bbox 124 1494 1108 2250">
     <span class='ocr_line' id='line_1_14' title="bbox 163 1494 1102 1573; baseline 0.002 -17"><span class='ocrx_word' id='word_1_110' title='bbox 163 1502 275 1556; x_wconf 83' lang='lat' dir='ltr'>Terent.</span> <span class='ocrx_word' id='word_1_111' title='bbox 294 1498 411 1569; x_wconf 78' lang='lat' dir='ltr'>Adelph.</span> <span class='ocrx_word' id='word_1_112' title='bbox 432 1498 458 1566; x_wconf 85' lang='lat'>5,</span> <span class='ocrx_word' id='word_1_113' title='bbox 478 1500 504 1565; x_wconf 78' lang='lat'>3,</span> <span class='ocrx_word' id='word_1_114' title='bbox 517 1496 562 1553; x_wconf 77' lang='lat' dir='ltr'>tu.</span> <span class='ocrx_word' id='word_1_115' title='bbox 586 1502 664 1554; x_wconf 81' lang='lat' dir='ltr'>bodie</span> <span class='ocrx_word' id='word_1_116' title='bbox 683 1503 759 1556; x_wconf 75' lang='lat' dir='ltr'>niodo</span> <span class='ocrx_word' id='word_1_117' title='bbox 776 1494 892 1556; x_wconf 77' lang='lat' dir='ltr'>lidorum</span> <span class='ocrx_word' id='word_1_118' title='bbox 906 1510 960 1573; x_wconf 80' lang='lat' dir='ltr'>sac</span> <span class='ocrx_word' id='word_1_119' title='bbox 983 1513 1015 1557; x_wconf 86' lang='lat' dir='ltr'>te.</span> <span class='ocrx_word' id='word_1_120' title='bbox 1038 1502 1058 1557; x_wconf 82' lang='lat' dir='ltr'>i.</span> <span class='ocrx_word' id='word_1_121' title='bbox 1077 1522 1102 1559; x_wconf 86' lang='lat' dir='ltr'>a.</span> 
     </span>
     <span class='ocr_line' id='line_1_15' title="bbox 127 1585 1105 1659; baseline 0.005 -19"><span class='ocrx_word' id='word_1_122' title='bbox 127 1590 204 1643; x_wconf 81' lang='lat' dir='ltr'>licata</span> <span class='ocrx_word' id='word_1_123' title='bbox 225 1603 340 1652; x_wconf 77' lang='lat' dir='ltr'>norroy</span> <span class='ocrx_word' id='word_1_124' title='bbox 360 1589 506 1654; x_wconf 68' lang='lat' dir='ltr'>nergndgt.</span> <span class='ocrx_word' id='word_1_125' title='bbox 540 1586 681 1659; x_wconf 76' lang='lat' dir='ltr'>¹Reliquos</span> <span class='ocrx_word' id='word_1_126' title='bbox 711 1585 769 1638; x_wconf 85' lang='lat' dir='ltr'>dies</span> <span class='ocrx_word' id='word_1_127' title='bbox 791 1603 845 1639; x_wconf 89' lang='lat' dir='ltr'>nou</span> <span class='ocrx_word' id='word_1_128' title='bbox 874 1604 949 1641; x_wconf 87' lang='lat' dir='ltr'>curo.</span> <span class='ocrx_word' id='word_1_129' title='bbox 993 1586 1105 1644; x_wconf 72' lang='lat' dir='ltr'>Sallust·</span> 
     </span>
     <span class='ocr_line' id='line_1_16' title="bbox 126 1668 1105 1743; baseline 0.001 -17"><span class='ocrx_word' id='word_1_130' title='bbox 126 1672 188 1743; x_wconf 80' lang='lat' dir='ltr'>lug.</span> <span class='ocrx_word' id='word_1_131' title='bbox 207 1671 257 1736; x_wconf 70' lang='grc'>18,</span> <span class='ocrx_word' id='word_1_132' title='bbox 274 1668 302 1722; x_wconf 74' lang='lat'>5.</span> <span class='ocrx_word' id='word_1_133' title='bbox 325 1671 435 1739; x_wconf 81' lang='lat' dir='ltr'>deniqne</span> <span class='ocrx_word' id='word_1_134' title='bbox 460 1671 573 1741; x_wconf 76' lang='lat' dir='ltr'>Romani</span> <span class='ocrx_word' id='word_1_135' title='bbox 594 1699 630 1708; x_wconf 88' lang='lat'>—</span> <span class='ocrx_word' id='word_1_136' title='bbox 651 1677 710 1741; x_wconf 80' lang='lat' dir='ltr'>post</span> <span class='ocrx_word' id='word_1_137' title='bbox 730 1672 785 1725; x_wconf 82' lang='lat' dir='ltr'>dies</span> <span class='ocrx_word' id='word_1_138' title='bbox 806 1672 1001 1741; x_wconf 77' lang='lat' dir='ltr'>quadraginta,</span> <span class='ocrx_word' id='word_1_139' title='bbox 1025 1692 1105 1742; x_wconf 83' lang='lat' dir='ltr'>quarn</span> 
     </span>
     <span class='ocr_line' id='line_1_17' title="bbox 127 1754 1105 1829; baseline -0.003 -17"><span class='ocrx_word' id='word_1_140' title='bbox 127 1776 158 1812; x_wconf 85' lang='lat' dir='ltr'>ea</span> <span class='ocrx_word' id='word_1_141' title='bbox 170 1765 275 1810; x_wconf 77' lang='lat' dir='ltr'>centuni</span> <span class='ocrx_word' id='word_1_142' title='bbox 289 1761 364 1819; x_wconf 84' lang='lat' dir='ltr'>crat,</span> <span class='ocrx_word' id='word_1_143' title='bbox 383 1755 478 1823; x_wconf 78' lang='lat' dir='ltr'>oppido</span> <span class='ocrx_word' id='word_1_144' title='bbox 491 1755 568 1807; x_wconf 82' lang='lat' dir='ltr'>moda</span> <span class='ocrx_word' id='word_1_145' title='bbox 580 1754 676 1823; x_wconf 82' lang='lat' dir='ltr'>potiti.-</span> <span class='ocrx_word' id='word_1_146' title='bbox 700 1757 801 1823; x_wconf 79' lang='lat' dir='ltr'>praede</span> <span class='ocrx_word' id='word_1_147' title='bbox 821 1757 903 1807; x_wconf 78' lang='lat' dir='ltr'>omnis</span> <span class='ocrx_word' id='word_1_148' title='bbox 925 1758 960 1808; x_wconf 90' lang='lat' dir='ltr'>ab</span> <span class='ocrx_word' id='word_1_149' title='bbox 982 1758 1105 1829; x_wconf 81' lang='lat' dir='ltr'>perfugia</span> 
     </span>
     <span class='ocr_line' id='line_1_18' title="bbox 124 1831 1104 1911; baseline 0 -17"><span class='ocrx_word' id='word_1_150' title='bbox 124 1849 255 1911; x_wconf 72' lang='lat' dir='ltr'>meopte.</span> <span class='ocrx_word' id='word_1_151' title='bbox 286 1838 358 1899; x_wconf 64' lang='lat' dir='ltr'>i.‚e.</span> <span class='ocrx_word' id='word_1_152' title='bbox 390 1837 489 1906; x_wconf 77' lang='lat' dir='ltr'>oppido</span> <span class='ocrx_word' id='word_1_153' title='bbox 517 1837 575 1890; x_wconf 86' lang='lat' dir='ltr'>siue</span> <span class='ocrx_word' id='word_1_154' title='bbox 595 1838 706 1904; x_wconf 80' lang='lat' dir='ltr'>praeda.</span> <span class='ocrx_word' id='word_1_155' title='bbox 725 1836 728 1841; x_wconf 83' lang='grc'><strong>’</strong></span> <span class='ocrx_word' id='word_1_156' title='bbox 750 1838 817 1889; x_wconf 84' lang='lat' dir='ltr'>Vide</span> <span class='ocrx_word' id='word_1_157' title='bbox 840 1839 971 1891; x_wconf 80' lang='lat' dir='ltr'>Curtium.</span> <span class='ocrx_word' id='word_1_158' title='bbox 1006 1839 1056 1906; x_wconf 68' lang='grc'>18,</span> <span class='ocrx_word' id='word_1_159' title='bbox 1079 1831 1104 1895; x_wconf 61' lang='lat' dir='ltr'>t.</span> 
     </span>
     <span class='ocr_line' id='line_1_19' title="bbox 129 1922 1107 1997; baseline -0.001 -19"><span class='ocrx_word' id='word_1_160' title='bbox 129 1926 204 1978; x_wconf 79' lang='lat' dir='ltr'>(luri.</span> <span class='ocrx_word' id='word_1_161' title='bbox 219 1924 246 1990; x_wconf 77' lang='grc' dir='ltr'>Ί,</span> <span class='ocrx_word' id='word_1_162' title='bbox 261 1923 304 1988; x_wconf 89' lang='lat' dir='ltr'>ll,</span> <span class='ocrx_word' id='word_1_163' title='bbox 323 1922 365 1975; x_wconf 82' lang='lat' dir='ltr'>lt.</span> <span class='ocrx_word' id='word_1_164' title='bbox 383 1925 484 1995; x_wconf 75' lang='lat' dir='ltr'>gladiis</span> <span class='ocrx_word' id='word_1_165' title='bbox 506 1922 582 1974; x_wconf 87' lang='lat' dir='ltr'>moda</span> <span class='ocrx_word' id='word_1_166' title='bbox 603 1929 682 1990; x_wconf 80' lang='lat' dir='ltr'>atque</span> <span class='ocrx_word' id='word_1_167' title='bbox 701 1923 784 1974; x_wconf 80' lang='lat' dir='ltr'>hastis</span> <span class='ocrx_word' id='word_1_168' title='bbox 804 1923 902 1974; x_wconf 87' lang='lat' dir='ltr'>armati</span> <span class='ocrx_word' id='word_1_169' title='bbox 915 1925 999 1977; x_wconf 82' lang='lat' dir='ltr'>subire</span> <span class='ocrx_word' id='word_1_170' title='bbox 1021 1942 1107 1997; x_wconf 79' lang='lat' dir='ltr'>coepe-</span> 
     </span>
     <span class='ocr_line' id='line_1_20' title="bbox 131 2005 1108 2079; baseline 0 -17"><span class='ocrx_word' id='word_1_171' title='bbox 131 2019 205 2063; x_wconf 79' lang='lat' dir='ltr'>runt.</span> <span class='ocrx_word' id='word_1_172' title='bbox 219 2009 239 2062; x_wconf 89' lang='lat' dir='ltr'>i.</span> <span class='ocrx_word' id='word_1_173' title='bbox 255 2026 282 2067; x_wconf 78' lang='lat' dir='ltr'>e.</span> <span class='ocrx_word' id='word_1_174' title='bbox 297 2024 351 2060; x_wconf 88' lang='lat' dir='ltr'>uon</span> <span class='ocrx_word' id='word_1_175' title='bbox 368 2026 468 2078; x_wconf 83' lang='lat' dir='ltr'>gravas</span> <span class='ocrx_word' id='word_1_176' title='bbox 486 2005 578 2060; x_wconf 75' lang='lat' dir='ltr'>armie-</span> <span class='ocrx_word' id='word_1_177' title='bbox 612 2006 671 2059; x_wconf 86' lang='lat' dir='ltr'>Cie.</span> <span class='ocrx_word' id='word_1_178' title='bbox 693 2007 726 2058; x_wconf 91' lang='lat' dir='ltr'>de</span> <span class='ocrx_word' id='word_1_179' title='bbox 743 2008 819 2063; x_wconf 84' lang='lat' dir='ltr'>Orat.</span> <span class='ocrx_word' id='word_1_180' title='bbox 838 2005 921 2072; x_wconf 76' lang='lat'><strong>2,34‚</strong></span> <span class='ocrx_word' id='word_1_181' title='bbox 937 2009 996 2063; x_wconf 83' lang='grc'>148.</span> <span class='ocrx_word' id='word_1_182' title='bbox 1013 2011 1059 2079; x_wconf 82' lang='lat' dir='ltr'>qai</span> <span class='ocrx_word' id='word_1_183' title='bbox 1074 2027 1108 2063; x_wconf 88' lang='lat' dir='ltr'>ea</span> 
     </span>
     <span class='ocr_line' id='line_1_21' title="bbox 127 2080 1107 2148; baseline -0.002 0"><span class='ocrx_word' id='word_1_184' title='bbox 127 2094 288 2148; x_wconf 79' lang='lat' dir='ltr'>mediocriter</span> <span class='ocrx_word' id='word_1_185' title='bbox 308 2095 384 2147; x_wconf 85' lang='lat' dir='ltr'>modo</span> <span class='ocrx_word' id='word_1_186' title='bbox 406 2080 627 2147; x_wconf 70' lang='lat' dir='ltr'>consideraverint.</span> <span class='ocrx_word' id='word_1_187' title='bbox 642 2090 663 2142; x_wconf 86' lang='lat' dir='ltr'>i.</span> <span class='ocrx_word' id='word_1_188' title='bbox 678 2107 703 2147; x_wconf 86' lang='lat' dir='ltr'>e.</span> <span class='ocrx_word' id='word_1_189' title='bbox 719 2108 773 2143; x_wconf 90' lang='lat' dir='ltr'>nnn</span> <span class='ocrx_word' id='word_1_190' title='bbox 794 2097 940 2145; x_wconf 79' lang='lat' dir='ltr'>accurate:</span> <span class='ocrx_word' id='word_1_191' title='bbox 964 2095 1035 2146; x_wconf 77' lang='lat' dir='ltr'>ancli</span> <span class='ocrx_word' id='word_1_192' title='bbox 1047 2093 1107 2147; x_wconf 74' lang='lat' dir='ltr'>&#39;nur</span> 
     </span>
     <span class='ocr_line' id='line_1_22' title="bbox 127 2158 1097 2250; baseline -0.005 -20"><span class='ocrx_word' id='word_1_193' title='bbox 127 2178 318 2250; x_wconf 63' lang='lat' dir='ltr'>mittelradseig.</span> <span class='ocrx_word' id='word_1_194' title='bbox 709 2158 715 2193; x_wconf 70' lang='lat'>²</span> <span class='ocrx_word' id='word_1_195' title='bbox 1094 2183 1097 2188; x_wconf 83' lang='lat'>&#39;</span> 
     </span>
    </p>

    <p class='ocr_par' dir='ltr' id='par_1_6' title="bbox 128 2275 1160 3271">
     <span class='ocr_line' id='line_1_23' title="bbox 162 2275 1108 2350; baseline -0.001 -19"><span class='ocrx_word' id='word_1_196' title='bbox 162 2278 255 2331; x_wconf 82' lang='lat' dir='ltr'>Plant.</span> <span class='ocrx_word' id='word_1_197' title='bbox 270 2275 370 2343; x_wconf 47' lang='lat' dir='ltr'>bound.</span> <span class='ocrx_word' id='word_1_198' title='bbox 384 2277 409 2338; x_wconf 85' lang='lat'>1,</span> <span class='ocrx_word' id='word_1_199' title='bbox 423 2275 450 2339; x_wconf 80' lang='lat'>2,</span> <span class='ocrx_word' id='word_1_200' title='bbox 465 2275 510 2329; x_wconf 86' lang='grc'>88.</span> <span class='ocrx_word' id='word_1_201' title='bbox 532 2282 564 2327; x_wconf 85' lang='lat' dir='ltr'>tn</span> <span class='ocrx_word' id='word_1_202' title='bbox 585 2283 687 2340; x_wconf 65' lang='lat' dir='ltr'>annm,</span> <span class='ocrx_word' id='word_1_203' title='bbox 706 2296 773 2345; x_wconf 82' lang='lat' dir='ltr'>qaue</span> <span class='ocrx_word' id='word_1_204' title='bbox 793 2297 842 2347; x_wconf 81' lang='lat' dir='ltr'>pra</span> <span class='ocrx_word' id='word_1_205' title='bbox 864 2281 948 2350; x_wconf 85' lang='lat' dir='ltr'>cupite</span> <span class='ocrx_word' id='word_1_206' title='bbox 969 2285 1108 2348; x_wconf 80' lang='lat' dir='ltr'>argentam</span> 
     </span>
     <span class='ocr_line' id='line_1_24' title="bbox 130 2360 1110 2429; baseline -0.002 -13"><span class='ocrx_word' id='word_1_207' title='bbox 130 2364 196 2416; x_wconf 83' lang='lat' dir='ltr'>milii</span> <span class='ocrx_word' id='word_1_208' title='bbox 210 2363 265 2414; x_wconf 87' lang='lat' dir='ltr'>iam</span> <span class='ocrx_word' id='word_1_209' title='bbox 274 2360 377 2427; x_wconf 55' lang='lat' dir='ltr'>&amp;mque</span> <span class='ocrx_word' id='word_1_210' title='bbox 391 2374 468 2426; x_wconf 86' lang='lat' dir='ltr'>saepe</span> <span class='ocrx_word' id='word_1_211' title='bbox 483 2375 622 2421; x_wconf 83' lang='lat' dir='ltr'>numeras,</span> <span class='ocrx_word' id='word_1_212' title='bbox 639 2376 672 2413; x_wconf 82' lang='lat' dir='ltr'>aa</span> <span class='ocrx_word' id='word_1_213' title='bbox 685 2363 783 2428; x_wconf 81' lang='lat' dir='ltr'>pacisci</span> <span class='ocrx_word' id='word_1_214' title='bbox 798 2366 874 2416; x_wconf 83' lang='lat' dir='ltr'>ruodo</span> <span class='ocrx_word' id='word_1_215' title='bbox 890 2366 967 2426; x_wconf 79' lang='lat' dir='ltr'>scies,</span> <span class='ocrx_word' id='word_1_216' title='bbox 984 2363 1029 2414; x_wconf 86' lang='lat' dir='ltr'>sed</span> <span class='ocrx_word' id='word_1_217' title='bbox 1044 2378 1110 2429; x_wconf 79' lang='lat' dir='ltr'>qaue</span> 
     </span>
     <span class='ocr_line' id='line_1_25' title="bbox 128 2442 1107 2517; baseline -0.002 -20"><span class='ocrx_word' id='word_1_218' title='bbox 128 2455 209 2517; x_wconf 83' lang='lat' dir='ltr'>paeto</span> <span class='ocrx_word' id='word_1_219' title='bbox 231 2463 274 2509; x_wconf 90' lang='lat' dir='ltr'>es,</span> <span class='ocrx_word' id='word_1_220' title='bbox 296 2462 348 2509; x_wconf 84' lang='lat' dir='ltr'>non</span> <span class='ocrx_word' id='word_1_221' title='bbox 367 2444 416 2496; x_wconf 82' lang='lat' dir='ltr'>aeis</span> <span class='ocrx_word' id='word_1_222' title='bbox 438 2444 540 2495; x_wconf 82' lang='lat' dir='ltr'>soluere.</span> <span class='ocrx_word' id='word_1_223' title='bbox 573 2442 688 2509; x_wconf 79' lang='lat' dir='ltr'>Quintil.</span> <span class='ocrx_word' id='word_1_224' title='bbox 709 2443 778 2509; x_wconf 86' lang='grc'><strong>8,6,</strong></span> <span class='ocrx_word' id='word_1_225' title='bbox 800 2445 851 2501; x_wconf 63' lang='lat'>39„</span> <span class='ocrx_word' id='word_1_226' title='bbox 894 2447 1006 2497; x_wconf 80' lang='lat' dir='ltr'>Sallust.</span> <span class='ocrx_word' id='word_1_227' title='bbox 1022 2444 1065 2508; x_wconf 81' lang='lat'>50,</span> <span class='ocrx_word' id='word_1_228' title='bbox 1081 2442 1107 2495; x_wconf 88' lang='grc'>4.</span> 
     </span>
     <span class='ocr_line' id='line_1_26' title="bbox 130 2528 1160 2602; baseline -0.004 -18"><span class='ocrx_word' id='word_1_229' title='bbox 130 2533 182 2602; x_wconf 80' lang='lat' dir='ltr'>ipsi</span> <span class='ocrx_word' id='word_1_230' title='bbox 197 2532 271 2585; x_wconf 79' lang='lat' dir='ltr'>modo</span> <span class='ocrx_word' id='word_1_231' title='bbox 290 2528 387 2581; x_wconf 82' lang='lat' dir='ltr'>eminnr</span> <span class='ocrx_word' id='word_1_232' title='bbox 407 2528 611 2592; x_wconf 85' lang='lat' dir='ltr'>sauciabantur,</span> <span class='ocrx_word' id='word_1_233' title='bbox 635 2544 714 2594; x_wconf 83' lang='lat' dir='ltr'>neque</span> <span class='ocrx_word' id='word_1_234' title='bbox 736 2536 825 2582; x_wconf 85' lang='lat' dir='ltr'>contra</span> <span class='ocrx_word' id='word_1_235' title='bbox 838 2529 958 2594; x_wconf 82' lang='lat' dir='ltr'>feriandi</span> <span class='ocrx_word' id='word_1_236' title='bbox 979 2535 1027 2580; x_wconf 85' lang='lat' dir='ltr'>aut</span> <span class='ocrx_word' id='word_1_237' title='bbox 1048 2546 1108 2580; x_wconf 83' lang='lat' dir='ltr'>nea-</span> <span class='ocrx_word' id='word_1_238' title='bbox 1157 2548 1160 2553; x_wconf 94' lang='lat'>·</span> 
     </span>
     <span class='ocr_line' id='line_1_27' title="bbox 132 2601 1110 2682; baseline -0.005 -14"><span class='ocrx_word' id='word_1_239' title='bbox 132 2636 195 2668; x_wconf 88' lang='lat' dir='ltr'>num</span> <span class='ocrx_word' id='word_1_240' title='bbox 216 2613 363 2666; x_wconf 83' lang='lat' dir='ltr'>conserendi</span> <span class='ocrx_word' id='word_1_241' title='bbox 384 2612 456 2682; x_wconf 86' lang='lat' dir='ltr'>copia</span> <span class='ocrx_word' id='word_1_242' title='bbox 470 2619 538 2664; x_wconf 86' lang='lat' dir='ltr'>erat.</span> <span class='ocrx_word' id='word_1_243' title='bbox 572 2611 630 2662; x_wconf 77' lang='lat' dir='ltr'>cto.</span> <span class='ocrx_word' id='word_1_244' title='bbox 646 2610 680 2662; x_wconf 88' lang='lat' dir='ltr'>de</span> <span class='ocrx_word' id='word_1_245' title='bbox 695 2610 797 2676; x_wconf 69' lang='grc'><strong>0183,</strong></span> <span class='ocrx_word' id='word_1_246' title='bbox 812 2610 899 2677; x_wconf 83' lang='grc'><strong>4,18.</strong></span> <span class='ocrx_word' id='word_1_247' title='bbox 919 2614 1004 2680; x_wconf 82' lang='lat' dir='ltr'>itaque</span> <span class='ocrx_word' id='word_1_248' title='bbox 1018 2601 1110 2664; x_wconf 78' lang='lat' dir='ltr'>eurieti-¹</span> 
     </span>
     <span class='ocr_line' id='line_1_28' title="bbox 131 2697 1112 2765; baseline -0.007 -12"><span class='ocrx_word' id='word_1_249' title='bbox 131 2718 190 2763; x_wconf 84' lang='lat' dir='ltr'>mo,</span> <span class='ocrx_word' id='word_1_250' title='bbox 215 2698 386 2762; x_wconf 82' lang='lat' dir='ltr'>Panaetium,</span> <span class='ocrx_word' id='word_1_251' title='bbox 408 2714 486 2765; x_wconf 77' lang='lat' dir='ltr'>qaam</span> <span class='ocrx_word' id='word_1_252' title='bbox 506 2697 600 2749; x_wconf 78' lang='lat' dir='ltr'>dicerit</span> <span class='ocrx_word' id='word_1_253' title='bbox 617 2697 730 2759; x_wconf 78' lang='lat' dir='ltr'>dominer</span> <span class='ocrx_word' id='word_1_254' title='bbox 749 2698 876 2749; x_wconf 74' lang='lat' dir='ltr'>satereia</span> <span class='ocrx_word' id='word_1_255' title='bbox 900 2698 950 2748; x_wconf 86' lang='lat' dir='ltr'>buc</span> <span class='ocrx_word' id='word_1_256' title='bbox 969 2713 1112 2764; x_wconf 82' lang='lat' dir='ltr'>comparu-</span> 
     </span>
     <span class='ocr_line' id='line_1_29' title="bbox 132 2780 1112 2852; baseline -0.007 -15"><span class='ocrx_word' id='word_1_257' title='bbox 132 2787 201 2838; x_wconf 83' lang='lat' dir='ltr'>tione</span> <span class='ocrx_word' id='word_1_258' title='bbox 228 2782 365 2846; x_wconf 75' lang='lat' dir='ltr'>dubitare,</span> <span class='ocrx_word' id='word_1_259' title='bbox 395 2783 443 2834; x_wconf 80' lang='lat' dir='ltr'>boo</span> <span class='ocrx_word' id='word_1_260' title='bbox 464 2783 550 2852; x_wconf 80' lang='lat' dir='ltr'>ipsam</span> <span class='ocrx_word' id='word_1_261' title='bbox 570 2781 683 2836; x_wconf 83' lang='lat' dir='ltr'>sensisse.</span> <span class='ocrx_word' id='word_1_262' title='bbox 704 2783 772 2849; x_wconf 76' lang='lat' dir='ltr'>qnod</span> <span class='ocrx_word' id='word_1_263' title='bbox 795 2782 904 2845; x_wconf 62' lang='lat' dir='ltr'>aluerit,</span> <span class='ocrx_word' id='word_1_264' title='bbox 927 2780 1008 2831; x_wconf 83' lang='lat' dir='ltr'>solere</span> <span class='ocrx_word' id='word_1_265' title='bbox 1029 2780 1112 2842; x_wconf 88' lang='lat' dir='ltr'>modo,</span> 
     </span>
     <span class='ocr_line' id='line_1_30' title="bbox 131 2864 1113 2935; baseline -0.007 -15"><span class='ocrx_word' id='word_1_266' title='bbox 131 2887 182 2920; x_wconf 88' lang='lat' dir='ltr'>non</span> <span class='ocrx_word' id='word_1_267' title='bbox 203 2868 282 2920; x_wconf 83' lang='lat' dir='ltr'>etium</span> <span class='ocrx_word' id='word_1_268' title='bbox 298 2873 421 2934; x_wconf 82' lang='lat' dir='ltr'>oportere.</span> <span class='ocrx_word' id='word_1_269' title='bbox 454 2865 490 2919; x_wconf 86' lang='lat' dir='ltr'>de</span> <span class='ocrx_word' id='word_1_270' title='bbox 506 2865 566 2918; x_wconf 82' lang='lat' dir='ltr'>Iov.</span> <span class='ocrx_word' id='word_1_271' title='bbox 580 2865 614 2930; x_wconf 80' lang='lat'>2,</span> <span class='ocrx_word' id='word_1_272' title='bbox 630 2864 680 2930; x_wconf 72' lang='lat'>23,</span> <span class='ocrx_word' id='word_1_273' title='bbox 698 2864 741 2918; x_wconf 82' lang='lat' dir='ltr'>titt.</span> <span class='ocrx_word' id='word_1_274' title='bbox 759 2884 838 2935; x_wconf 79' lang='lat' dir='ltr'>quum</span> <span class='ocrx_word' id='word_1_275' title='bbox 852 2891 886 2905; x_wconf 90' lang='lat'>-</span> <span class='ocrx_word' id='word_1_276' title='bbox 907 2869 969 2932; x_wconf 75' lang='lat' dir='ltr'>fere</span> <span class='ocrx_word' id='word_1_277' title='bbox 982 2880 1035 2914; x_wconf 85' lang='lat' dir='ltr'>nos</span> <span class='ocrx_word' id='word_1_278' title='bbox 1049 2870 1113 2915; x_wconf 86' lang='lat' dir='ltr'>esset</span> 
     </span>
     <span class='ocr_line' id='line_1_31' title="bbox 135 2947 1158 3020; baseline -0.008 -15"><span class='ocrx_word' id='word_1_279' title='bbox 135 2953 242 3016; x_wconf 82' lang='lat' dir='ltr'>Graiis,</span> <span class='ocrx_word' id='word_1_280' title='bbox 270 2968 348 3018; x_wconf 84' lang='lat' dir='ltr'>quum</span> <span class='ocrx_word' id='word_1_281' title='bbox 368 2951 435 3003; x_wconf 82' lang='lat' dir='ltr'>inter</span> <span class='ocrx_word' id='word_1_282' title='bbox 462 2966 490 3002; x_wconf 84' lang='lat' dir='ltr'>se</span> <span class='ocrx_word' id='word_1_283' title='bbox 512 2951 603 3004; x_wconf 85' lang='lat' dir='ltr'>bellum</span> <span class='ocrx_word' id='word_1_284' title='bbox 631 2950 785 3020; x_wconf 85' lang='lat' dir='ltr'>gessissent,</span> <span class='ocrx_word' id='word_1_285' title='bbox 812 2956 844 3003; x_wconf 80' lang='lat' dir='ltr'>at</span> <span class='ocrx_word' id='word_1_286' title='bbox 862 2950 898 3013; x_wconf 85' lang='lat' dir='ltr'>ii,</span> <span class='ocrx_word' id='word_1_287' title='bbox 925 2948 971 3017; x_wconf 80' lang='lat' dir='ltr'>qni</span> <span class='ocrx_word' id='word_1_288' title='bbox 989 2947 1112 3009; x_wconf 86' lang='lat' dir='ltr'>uicissent,</span> <span class='ocrx_word' id='word_1_289' title='bbox 1154 2982 1158 2989; x_wconf 85' lang='lat'>-</span> 
     </span>
     <span class='ocr_line' id='line_1_32' title="bbox 134 3031 1112 3107; baseline -0.009 -19"><span class='ocrx_word' id='word_1_290' title='bbox 134 3044 266 3107; x_wconf 84' lang='lat' dir='ltr'>tropaeum</span> <span class='ocrx_word' id='word_1_291' title='bbox 289 3035 396 3103; x_wconf 67' lang='lat' dir='ltr'>aliquod</span> <span class='ocrx_word' id='word_1_292' title='bbox 412 3034 438 3085; x_wconf 89' lang='lat' dir='ltr'>in</span> <span class='ocrx_word' id='word_1_293' title='bbox 450 3035 552 3100; x_wconf 83' lang='lat' dir='ltr'>finibus</span> <span class='ocrx_word' id='word_1_294' title='bbox 573 3040 728 3099; x_wconf 83' lang='lat' dir='ltr'>statuerent,</span> <span class='ocrx_word' id='word_1_295' title='bbox 745 3035 868 3086; x_wconf 84' lang='lat' dir='ltr'>uictoriae</span> <span class='ocrx_word' id='word_1_296' title='bbox 890 3033 968 3083; x_wconf 83' lang='lat' dir='ltr'>modo</span> <span class='ocrx_word' id='word_1_297' title='bbox 990 3031 1018 3080; x_wconf 88' lang='lat' dir='ltr'>in</span> <span class='ocrx_word' id='word_1_298' title='bbox 1031 3046 1112 3098; x_wconf 81' lang='lat' dir='ltr'>prac-</span> 
     </span>
     <span class='ocr_line' id='line_1_33' title="bbox 135 3114 1116 3188; baseline -0.003 -18"><span class='ocrx_word' id='word_1_299' title='bbox 135 3120 219 3172; x_wconf 85' lang='lat' dir='ltr'>ecntia</span> <span class='ocrx_word' id='word_1_300' title='bbox 244 3118 418 3171; x_wconf 77' lang='lat' dir='ltr'>declarandae</span> <span class='ocrx_word' id='word_1_301' title='bbox 439 3128 550 3181; x_wconf 84' lang='lat' dir='ltr'>caussa,</span> <span class='ocrx_word' id='word_1_302' title='bbox 570 3136 621 3170; x_wconf 89' lang='lat' dir='ltr'>non</span> <span class='ocrx_word' id='word_1_303' title='bbox 642 3126 672 3170; x_wconf 87' lang='lat' dir='ltr'>ut</span> <span class='ocrx_word' id='word_1_304' title='bbox 688 3119 715 3174; x_wconf 88' lang='lat' dir='ltr'>in</span> <span class='ocrx_word' id='word_1_305' title='bbox 733 3125 887 3188; x_wconf 63' lang='lat' dir='ltr'>papauera</span> <span class='ocrx_word' id='word_1_306' title='bbox 908 3116 969 3170; x_wconf 75' lang='lat' dir='ltr'>tetri</span> <span class='ocrx_word' id='word_1_307' title='bbox 991 3114 1116 3167; x_wconf 80' lang='lat' dir='ltr'>memoria</span> 
     </span>
     <span class='ocr_line' id='line_1_34' title="bbox 133 3209 715 3271; baseline -0.003 -15"><span class='ocrx_word' id='word_1_308' title='bbox 133 3209 263 3265; x_wconf 85' lang='lat' dir='ltr'>maneret,</span> <span class='ocrx_word' id='word_1_309' title='bbox 281 3219 391 3255; x_wconf 83' lang='lat' dir='ltr'>aeneum</span> <span class='ocrx_word' id='word_1_310' title='bbox 408 3209 554 3255; x_wconf 80' lang='lat' dir='ltr'>statuerant</span> <span class='ocrx_word' id='word_1_311' title='bbox 570 3209 715 3271; x_wconf 83' lang='lat' dir='ltr'>tropaeum.</span> 
     </span>
    </p>
   </div>
   <div class='ocr_carea' id='block_1_6' title="bbox 133 3288 1202 3614">
    <p class='ocr_par' dir='ltr' id='par_1_7' title="bbox 133 3288 1202 3614">
     <span class='ocr_line' id='line_1_35' title="bbox 181 3288 1118 3373; baseline -0.011 -15"><span class='ocrx_word' id='word_1_312' title='bbox 181 3288 506 3373; x_wconf 72' lang='lat' dir='ltr'>snttuat.1u&#39;g.1ut,1l.</span> <span class='ocrx_word' id='word_1_313' title='bbox 534 3304 611 3359; x_wconf 87' lang='lat' dir='ltr'>multi</span> <span class='ocrx_word' id='word_1_314' title='bbox 630 3304 774 3358; x_wconf 83' lang='lat' dir='ltr'>volneribus</span> <span class='ocrx_word' id='word_1_315' title='bbox 793 3301 1002 3370; x_wconf 76' lang='lat' dir='ltr'>receptioneque</span> <span class='ocrx_word' id='word_1_316' title='bbox 1019 3302 1118 3366; x_wconf 72' lang='lat' dir='ltr'>sugere</span> 
     </span>
     <span class='ocr_line' id='line_1_36' title="bbox 133 3380 1118 3459; baseline -0.009 -19"><span class='ocrx_word' id='word_1_317' title='bbox 133 3405 229 3459; x_wconf 82' lang='lat' dir='ltr'>posse,</span> <span class='ocrx_word' id='word_1_318' title='bbox 249 3405 330 3457; x_wconf 71' lang='lat' dir='ltr'>neusse</span> <span class='ocrx_word' id='word_1_319' title='bbox 351 3391 459 3459; x_wconf 71' lang='lat' dir='ltr'>anetem</span> <span class='ocrx_word' id='word_1_320' title='bbox 470 3389 547 3459; x_wconf 84' lang='lat' dir='ltr'>poti,</span> <span class='ocrx_word' id='word_1_321' title='bbox 564 3388 616 3440; x_wconf 86' lang='lat' dir='ltr'>niti</span> <span class='ocrx_word' id='word_1_322' title='bbox 635 3388 726 3453; x_wconf 79' lang='lat' dir='ltr'>morlo,</span> <span class='ocrx_word' id='word_1_323' title='bbox 745 3406 776 3441; x_wconf 92' lang='lat' dir='ltr'>ac</span> <span class='ocrx_word' id='word_1_324' title='bbox 790 3387 877 3438; x_wconf 87' lang='lat' dir='ltr'>statim</span> <span class='ocrx_word' id='word_1_325' title='bbox 897 3384 1037 3436; x_wconf 83' lang='lat' dir='ltr'>concidere.</span> <span class='ocrx_word' id='word_1_326' title='bbox 1056 3380 1074 3434; x_wconf 90' lang='lat' dir='ltr'>i.</span> <span class='ocrx_word' id='word_1_327' title='bbox 1091 3396 1118 3432; x_wconf 89' lang='lat' dir='ltr'>e.</span> 
     </span>
     <span class='ocr_line' id='line_1_37' title="bbox 135 3470 1202 3539; baseline -0.01 -11"><span class='ocrx_word' id='word_1_328' title='bbox 135 3492 187 3529; x_wconf 88' lang='lat' dir='ltr'>uec</span> <span class='ocrx_word' id='word_1_329' title='bbox 205 3472 332 3525; x_wconf 84' lang='lat' dir='ltr'>incedere</span> <span class='ocrx_word' id='word_1_330' title='bbox 353 3477 496 3539; x_wconf 76' lang='lat' dir='ltr'>poterant,</span> <span class='ocrx_word' id='word_1_331' title='bbox 516 3489 566 3525; x_wconf 87' lang='lat' dir='ltr'>nec</span> <span class='ocrx_word' id='word_1_332' title='bbox 582 3479 674 3537; x_wconf 83' lang='lat' dir='ltr'>sture,</span> <span class='ocrx_word' id='word_1_333' title='bbox 691 3470 740 3523; x_wconf 78' lang='lat' dir='ltr'>sed</span> <span class='ocrx_word' id='word_1_334' title='bbox 763 3471 920 3524; x_wconf 84' lang='lat' dir='ltr'>nitebantur</span> <span class='ocrx_word' id='word_1_335' title='bbox 942 3472 1064 3532; x_wconf 84' lang='lat' dir='ltr'>tuntum,</span> <span class='ocrx_word' id='word_1_336' title='bbox 1086 3481 1118 3519; x_wconf 85' lang='lat' dir='ltr'>uc</span> <span class='ocrx_word' id='word_1_337' title='bbox 1198 3470 1202 3475; x_wconf 87' lang='lat'>&#39;</span> 
     </span>
     <span class='ocr_line' id='line_1_38' title="bbox 138 3556 434 3614; baseline -0.014 0"><span class='ocrx_word' id='word_1_338' title='bbox 138 3557 231 3614; x_wconf 86' lang='lat' dir='ltr'>statim</span> <span class='ocrx_word' id='word_1_339' title='bbox 247 3556 434 3611; x_wconf 76' lang='lat' dir='ltr'>concidebant.</span> 
     </span>
    </p>
   </div>
   <div class='ocr_carea' id='block_1_7' title="bbox 66 3690 1135 4120">
    <p class='ocr_par' dir='ltr' id='par_1_8' title="bbox 66 3690 1135 4120">
     <span class='ocr_line' id='line_1_39' title="bbox 152 3690 1120 3777; baseline -0.009 -23"><span class='ocrx_word' id='word_1_340' title='bbox 152 3693 184 3755; x_wconf 76' lang='lat'>4.</span> <span class='ocrx_word' id='word_1_341' title='bbox 208 3691 374 3756; x_wconf 85' lang='lat' dir='ltr'>Numerus</span> <span class='ocrx_word' id='word_1_342' title='bbox 398 3702 430 3756; x_wconf 86' lang='lat' dir='ltr'>ct</span> <span class='ocrx_word' id='word_1_343' title='bbox 455 3690 646 3777; x_wconf 85' lang='lat' dir='ltr'>magnitudo</span> <span class='ocrx_word' id='word_1_344' title='bbox 673 3710 741 3754; x_wconf 82' lang='lat' dir='ltr'>esee</span> <span class='ocrx_word' id='word_1_345' title='bbox 768 3698 896 3775; x_wconf 83' lang='lat' dir='ltr'>potest,</span> <span class='ocrx_word' id='word_1_346' title='bbox 928 3708 1027 3773; x_wconf 89' lang='lat' dir='ltr'>quam</span> <span class='ocrx_word' id='word_1_347' title='bbox 1051 3707 1120 3749; x_wconf 89' lang='lat' dir='ltr'>non</span> 
     </span>
     <span class='ocr_line' id='line_1_40' title="bbox 71 3773 1121 3862; baseline -0.009 -22"><span class='ocrx_word' id='word_1_348' title='bbox 71 3775 234 3840; x_wconf 79' lang='lat' dir='ltr'>excedens</span> <span class='ocrx_word' id='word_1_349' title='bbox 246 3799 298 3840; x_wconf 85' lang='lat' dir='ltr'>res</span> <span class='ocrx_word' id='word_1_350' title='bbox 314 3800 350 3841; x_wconf 86' lang='lat' dir='ltr'>se</span> <span class='ocrx_word' id='word_1_351' title='bbox 366 3777 536 3857; x_wconf 82' lang='lat' dir='ltr'>continet,</span> <span class='ocrx_word' id='word_1_352' title='bbox 556 3776 699 3862; x_wconf 84' lang='lat' dir='ltr'>ideoque</span> <span class='ocrx_word' id='word_1_353' title='bbox 717 3773 757 3839; x_wconf 87' lang='lat' dir='ltr'>ad</span> <span class='ocrx_word' id='word_1_354' title='bbox 784 3786 906 3840; x_wconf 87' lang='lat' dir='ltr'>certam</span> <span class='ocrx_word' id='word_1_355' title='bbox 930 3792 1121 3837; x_wconf 87' lang='lat' dir='ltr'>mensuram</span> 
     </span>
     <span class='ocr_line' id='line_1_41' title="bbox 71 3858 1122 3944; baseline -0.01 -19"><span class='ocrx_word' id='word_1_356' title='bbox 71 3870 255 3925; x_wconf 88' lang='lat' dir='ltr'>revocatur.</span> <span class='ocrx_word' id='word_1_357' title='bbox 299 3863 383 3927; x_wconf 86' lang='lat' dir='ltr'>Hinc</span> <span class='ocrx_word' id='word_1_358' title='bbox 401 3862 521 3941; x_wconf 81' lang='lat' dir='ltr'>dicitur</span> <span class='ocrx_word' id='word_1_359' title='bbox 539 3884 624 3926; x_wconf 81' lang='lat' dir='ltr'>rrnrrs</span> <span class='ocrx_word' id='word_1_360' title='bbox 641 3858 744 3934; x_wconf 80' lang='lat' dir='ltr'>moda</span> <span class='ocrx_word' id='word_1_361' title='bbox 759 3861 791 3926; x_wconf 90' lang='lat' dir='ltr'>b.</span> <span class='ocrx_word' id='word_1_362' title='bbox 809 3885 837 3926; x_wconf 90' lang='lat' dir='ltr'>e.</span> <span class='ocrx_word' id='word_1_363' title='bbox 855 3882 924 3923; x_wconf 89' lang='lat' dir='ltr'>non</span> <span class='ocrx_word' id='word_1_364' title='bbox 944 3859 1067 3944; x_wconf 88' lang='lat' dir='ltr'>plures,</span> <span class='ocrx_word' id='word_1_365' title='bbox 1089 3863 1122 3916; x_wconf 88' lang='lat' dir='ltr'>et</span> 
     </span>
     <span class='ocr_line' id='line_1_42' title="bbox 66 3944 1122 4095; baseline -0.006 -88"><span class='ocrx_word' id='word_1_366' title='bbox 66 3967 188 4095; x_wconf 51' lang='lat' dir='ltr'><em>I’WJE</em></span> <span class='ocrx_word' id='word_1_367' title='bbox 198 3944 298 4009; x_wconf 86' lang='lat' dir='ltr'>modo</span> <span class='ocrx_word' id='word_1_368' title='bbox 315 3971 381 4014; x_wconf 86' lang='lat' dir='ltr'>res.</span> <span class='ocrx_word' id='word_1_369' title='bbox 427 3948 492 4016; x_wconf 87' lang='lat' dir='ltr'>Sed</span> <span class='ocrx_word' id='word_1_370' title='bbox 516 3950 616 4014; x_wconf 87' lang='lat' dir='ltr'>etiam</span> <span class='ocrx_word' id='word_1_371' title='bbox 643 3946 742 4014; x_wconf 86' lang='lat' dir='ltr'>verbu</span> <span class='ocrx_word' id='word_1_372' title='bbox 767 3946 806 4013; x_wconf 77' lang='lat' dir='ltr'>id</span> <span class='ocrx_word' id='word_1_373' title='bbox 824 3945 926 4012; x_wconf 86' lang='lat' dir='ltr'>modo</span> <span class='ocrx_word' id='word_1_374' title='bbox 951 3949 1122 4031; x_wconf 85' lang='lat' dir='ltr'>ponuntur</span> 
     </span>
     <span class='ocr_line' id='line_1_43' title="bbox 70 4050 1135 4120; baseline -0.002 -26"><span class='ocrx_word' id='word_1_375' title='bbox 70 4052 165 4120; x_wconf 80' lang='lat' dir='ltr'>pror</span> <span class='ocrx_word' id='word_1_376' title='bbox 208 4050 321 4098; x_wconf 88' lang='lat' dir='ltr'>unum.</span> <span class='ocrx_word' id='word_1_377' title='bbox 1133 4061 1135 4069; x_wconf 41' lang='lat' dir='ltr'>v</span> 
     </span>
    </p>
   </div>
   <div class='ocr_carea' id='block_1_8' title="bbox 0 0 1337 4770">
    <p class='ocr_par' dir='ltr' id='par_1_9' title="bbox 0 0 1337 4770">
     <span class='ocr_line' id='line_1_44' title="bbox 0 0 1337 4770; baseline 0 0"><span class='ocrx_word' id='word_1_378' title='bbox 0 0 1337 4770; x_wconf 95' lang='lat' dir='ltr'> </span> 
     </span>
    </p>
   </div>
  </div>
 </body>
</html>
