2654 4770
48 2916 52 2923 .
162 2926 164 2931 s
242 2851 508 2939 ebharduscpioa

217 253 281 321 ⁶74
373 282 377 289 r
661 243 809 315 mols

287 400 767 472 mosomenses-agesque
787 395 1170 466 munimentum
1205 398 1269 483 an

288 487 324 543 od
337 487 443 540 territus
454 484 626 551 requiem
640 476 738 555 niglu.
1070 522 1073 527 .
1166 528 1168 533 ,

320 588 381 643 loir.
397 586 442 652 84,
457 586 484 650 4,
497 586 522 639 ὅ.
539 588 603 639 liceo
621 602 670 658 ego
682 605 732 656 qao
745 585 834 640 melior
847 585 983 654 laetiorque
997 586 1027 638 io
1041 587 1217 656 diesfortona
1230 585 1271 638 rei

193 680 196 687 '
285 673 406 744 pellicos
426 679 464 725 ert
485 671 668 740 imperiumque
689 673 776 725 erescit
800 696 836 712 -
858 687 889 723 eo
908 671 969 738 plns
988 671 1090 726 lomes.
1107 670 1158 724 ubi
1174 670 1270 724 critici
1302 732 1305 739 ἱ

286 757 354 810 olim
366 755 592 823 scripseruntque
604 759 693 827 mugit
706 758 841 828 imperium
854 754 953 808 messit.

222 854 240 886 l

301 895 355 956 80.
370 891 445 955 Non
462 889 696 968 meliorasunt,
715 910 797 976 quae
809 889 848 953 de
886 889 1055 953 leonasmo
1071 887 1266 953 traduntur.

121 1011 122 1014 ¹
217 975 433 1047 Glummatici
448 976 536 1039 enim
555 996 623 1039 non
645 976 741 1062 pauci
753 965 994 1041 demonsffasss
1012 960 1074 1038 1151
1097 973 1272 1048 visisunt,

216 1064 363 1136 Latinos,
378 1080 479 1146 aeque
496 1061 745 1146 alqchraeeos
761 1065 883 1142 μᾶλλον,
906 1060 1003 1123 eliam
1018 1081 1075 1123 mo
1099 1058 1118 1127 ,’
1148 1082 1268 1148 qppo-

216 1147 733 1246 elementissimus.
747 1145 985 1235 ramessem·
1061 1145 1133 1226 ide.
1158 1144 1267 1211 0111ss-

216 1230 349 1309 sii'us,
373 1253 430 1318 qus
449 1216 500 1295 de
520 1251 637 1315 graeco
661 1217 802 1296 ‘usu‘iis
828 1240 981 1312 ulerunt,
1021 1229 1200 1295 Schottum
1234 1242 1266 1294 et

218 1317 420 1405 Scaligerum
442 1316 482 1379 ad
508 1315 621 1401 Virgil.
644 1317 716 1383 Col.
737 1321 788 1382 78.
841 1315 1066 1380 aubmannum
1088 1315 1130 1380 ad
1153 1315 1264 1380 Pleut.

216 1403 309 1471 Men.
334 1402 420 1466 Prol.
436 1403 489 1466 55:
508 1402 665 1467 Vossium
690 1401 730 1466 de
754 1402 940 1467 Construct.
962 1405 1013 1465 16.
1029 1424 1062 1488 p.
1078 1405 1154 1466 379.
1176 1402 1264 1467 Ber-

214 1509 341 1554 neceer.
357 1488 397 1552 od
415 1487 530 1551 lustin.
549 1491 581 1564 3,
595 1493 627 1566 2,
642 1491 674 1551 7.
692 1498 725 1551 et
739 1485 942 1553 Freinshem.
963 1485 996 1550 in
1014 1485 1143 1565 Indice,
1167 1487 1263 1553 Geb-

215 1572 310 1639 hard.
319 1571 359 1638 ad
375 1572 442 1637 [ἰν.
453 1575 485 1652 5,
501 1576 550 1650 16,
560 1577 592 1636 2.
617 1573 705 1638 etad
722 1575 875 1651 21,‘59,7.
898 1569 1069 1637 Drakeub.
1086 1571 1128 1636 ad
1143 1577 1175 1652 9,
1184 1577 1219 1653 7,
1228 1575 1261 1639 5.

941 1668 945 1675 ι

215 1659 378 1725 Vechneri
386 1657 585 1729 Hellenolex.
598 1657 708 1744 ibique
716 1659 908 1744 Heusinger.
911 1662 1036 1807 plot.
1048 1657 1260 1724 Biinemann.

145 1758 147 1763 '
215 1745 257 1811 ed
270 1746 419 1811 Lectum.
434 1743 473 1807 de
483 1739 573 1893 Opil.
590 1744 651 1808 Dei
670 1749 720 1823 13,
738 1748 769 1809 7.
793 1743 911 1807 Oudon
934 1742 998 1807 .ad
1011 1743 1259 1830 SostomVesp.

216 1835 267 1902 19.
288 1833 443 1894 Arntsen.
458 1828 496 1892 ad
536 1827 774 1895 aton.Disticha
787 1833 903 1916 p.319.
926 1828 1103 1893 Mencken.
1113 1829 1259 1896 Observ.

240 1917 330 1981 .597.
349 1914 530 1979 Ruhnken.
548 1913 904 1993 adTer.ilec.5,1,12.
925 1917 969 1977 At
984 1915 1112 2000 utrique
1123 1915 1258 2000 linguae

212 1938 281 2067 iae
295 2021 371 2065 eum
390 1999 460 2065 aliis
475 2020 653 2065 commune
677 2010 744 2080 est,
762 2009 798 2064 ut
815 1998 981 2084 particula·
996 1998 1119 2065 adiecta
1137 2003 1259 2086 expri-

202 2096 325 2170 ‚matur
339 2085 458 2174 gradus
472 2084 577 2148 multo
593 2086 755 2173 superior.
796 2084 952 2149 Germani
966 2083 1078 2150 dicunt
1099 2084 1154 2150 bei
1168 2089 1256 2153 wei,-

187 2167 448 2260 ·temgroseer,
468 2168 559 2257 quod
582 2180 631 2235 est
652 2169 792 2259 latinum
807 2170 921 2235 multo
944 2171 1068 2236 moior.
1109 2171 1148 2235 Id
1174 2194 1256 2238 vero

213 2257 311 2325 etiam
336 2255 470 2342 entique
497 2275 558 2319 usu
581 2255 758 2343 particulae
784 2256 901 2342 mugio
935 2266 1065 2343 poterat
1097 2259 1256 2345 exprimi.

215 2341 345 2406 Comici
365 2341 481 2428 igitur,
505 2341 666 2421 Graecos,
683 2352 723 2429 ¹ut
739 2341 883 2420 videtur,
907 2342 1040 2422 imitati,
1055 2340 1119 2406 hoc
1145 2346 1254 2409 modo

170 2431 174 2439 '
212 2425 344 2512 loquuti
367 2436 462 2507 sont,
489 2435 587 2515 atque
616 2446 701 2493 nore
724 2427 905 2493 imitatione
928 2428 1143 2492 recentissimi
1166 2432 1254 2494 scri-

211 2521 337 2600 ptores.
377 2510 416 2576 ln
436 2512 640 2599 optimorum
658 2522 765 2577 autem
789 2513 989 2599 scriptorum
1012 2511 1103 2578 libris
1127 2512 1254 2580 frustra

213 2598 400 2687 quaerimus
425 2598 590 2684 exempla,
616 2620 680 2665 nec
702 2599 873 2684 quisquam
898 2618 1035 2679 eorum,
1060 2599 1123 2746 pui
1152 2600 1251 2665 eliam

212 2683 255 2747 ob
271 2705 417 2748 caussam
434 2687 701 2770 interposuerunt
725 2683 858 2770 magis,
878 2703 1037 2768 umquam
1082 2684 1145 2749 ixit
1170 2707 1252 2750 mo-

238 2769 267 2832 is
286 2768 432 2846 clarior,
454 2769 568 2916 maffia
590 2767 786 2845 iucundior,
808 2789 869 2833 nee
892 2766 1043 2833 credibile
1071 2779 1137 2848 est,
1160 2773 1250 2854 quod

207 2792 241 2918 i
534 2863 616 2925 atur,
632 2853 759 2917 Livium
775 2853 941 2940 scripsisse
957 2856 989 2934 5,
1007 2859 1056 2928 16,
1073 2860 1104 2918 2.
1131 2859 1251 2942 magis

135 2993 138 3003 .
208 2938 376 3027 quietiora
390 2938 542 3025 negotio.
585 2938 694 3001 Livius
711 2940 797 3003 enim
806 2988 816 3021 ,
841 2951 873 3004 et
889 2939 945 3026 qui
963 2950 1039 3004 suut
1051 2937 1145 3004 istius
1160 2954 1252 3008 aeta-

207 3024 266 3102 tis,
293 3034 370 3112 post
391 3022 648 3108 comparativum
664 3023 782 3089 addere
804 3025 953 3090 solebant
973 3025 1089 3113 magio
1112 3031 1250 3115 exposi-

206 3109 309 3174 tionis
333 3129 442 3172 caussa
458 3109 501 3171 ita
511 3156 521 3187 ,
542 3119 579 3171 ut
592 3107 688 3173 verba
704 3114 734 3188 9,
748 3115 780 3190 7,
797 3115 828 3174 6.
853 3119 960 3176 essent
975 3114 1020 3175 sie
1039 3110 1246 3198 accipienda:

207 3195 341 3260 tristior
357 3191 480 3257 deinde
494 3192 744 3279 ignominiosae
751 3197 854 3281 pacis
863 3245 873 3278 ,
893 3197 1008 3282 mugio
1025 3218 1127 3284 quom
1146 3201 1248 3284 peri-

206 3281 292 3358 culi,
310 3274 536 3361 nuntiuosuit.
576 3277 614 3342 In
630 3279 698 3343 aliis
713 3281 793 3344 locis
805 3280 921 3369 magis
937 3303 1039 3368 quom
1054 3304 1116 3368 pro
1125 3285 1248 3368 potius

205 3387 309 3453 quam
328 3362 451 3426 dictum
478 3375 542 3444 est,
572 3365 625 3428 cui
648 3365 722 3431 addi
745 3377 874 3453 poterat
895 3370 1151 3453 comparativus:
1178 3393 1244 3456 qua

204 3452 334 3516 ratione
348 3469 416 3512 non
433 3471 535 3535 pauca
554 3451 755 3515 Graecorum
771 3452 921 3539 exempla
936 3452 1140 3538 expedienda
1154 3465 1240 3518 sunt.

206 3533 258 3600 Cf.
283 3532 427 3599 Fischcri
454 3536 623 3600 Animadv.
648 3536 687 3600 ad
712 3537 1076 3604 WelleriG1·emm.2.
1106 3561 1143 3626 p.
1165 3543 1238 3602 138.

203 3621 404 3686 Posteriores
424 3621 596 3707 scriptores
612 3622 647 3685 in
664 3619 808 3686 formula
824 3645 893 3687 non
916 3623 1030 3710 mugio
1054 3646 1157 3710 queam
1178 3624 1241 3688 ad·
1267 3687 1268 3690 ,

203 3704 363 3769 miserunt
386 3708 646 3792 comparativum
668 3707 832 3796 gravitatis
858 3729 979 3774 caussa.
1030 3709 1094 3774 Sed
1123 3731 1242 3773 recen-

202 3787 321 3853 tissimi
346 3789 478 3871 demum
501 3791 668 3856 redierunt
689 3792 730 3856 ad
754 3793 925 3880 antiqu-um
939 3809 1061 3871 usum,
1090 3794 1241 3882 adeoque

202 3872 368 3963 duplicem
385 3879 644 3964 comparativum
663 3879 904 3944 coniunxerunt
917 3901 977 3967 per
989 3879 1116 3965 magis.

301 3993 392 4048 Plani.
409 3995 495 4050 Stich.
508 3996 535 4061 5,
550 3995 577 4060 4,
592 3996 635 4049 22.
653 3998 730 4051 immo
746 4001 812 4052 enim
826 4000 868 4052 tic
880 3999 1015 4068 mogie'eet
1029 3998 1139 4050 dulcius.
1173 3998 1239 4050 dul.

264 4076 292 4142 3,
304 4077 331 4144 2,
345 4079 372 4136 8.
389 4075 430 4138 ito
438 4083 556 4152 foetidae
569 4099 626 4137 som
640 4083 741 4137 mollior
760 4083 838 4138 muer
855 4083 946 4155 magii
964 4100 1048 4154 quous
1063 4082 1132 4137 utos
1149 4082 1239 4136 α’πασ-
