2632 4770
177 239 242 307 494
658 229 744 296 t'rA.

283 385 341 443 clo.
356 385 438 441 Tusa.
460 386 487 453 1,
506 382 534 450 1,
552 380 596 438 10.
620 383 662 437 ita
678 385 764 454 plane.
798 380 965 436 Coniectura
984 399 1001 436 n
1023 384 1183 439 Goerenzio
1199 384 1230 438 in

247 475 306 529 cic.
327 473 360 526 sle
376 472 437 526 Fla.
458 467 583 538 2,4,11.
605 468 753 522 notanus
776 473 818 520 cst
839 467 998 536 probabilis.
1032 470 1076 525 (ll.
1097 472 1188 525 Acuti.
1202 471 1233 536 2,

249 557 294 625 35,
316 556 377 610 ut.
399 559 437 610 its
460 556 538 625 pleae
555 553 644 624 prolia
677 553 801 607 terunt.
824 552 950 622 1,11,4.
973 557 1014 611 itu
1032 557 1134 627 planae
1165 573 1233 610 aaa

248 663 328 715 quum
343 651 395 697 stc.
428 638 476 692 nlri
489 640 658 692 Briuemann.

259 800 314 860 22.
336 793 386 859 De
403 791 506 856 verbis
522 790 626 854 immo
639 789 693 854 itu
714 788 787 855 vide
807 811 841 877 p.
858 794 933 855 230.

263 937 317 999 28.
344 930 479 1018 Proprie
496 929 576 993 haec
596 927 756 1016 particula
771 938 953 1016 usurpatur
968 931 1002 993 in
1027 937 1110 995 votis
1137 939 1174 993 et
1196 932 1234 995 in

180 1016 336 1083 formulis
359 1015 586 1094 asseverandi,
615 1013 838 1094 contestandi,
859 1015 1000 1081 iurandi.
1040 1015 1107 1081 Eae
1132 1025 1236 1083 naras

180 1112 257 1167 sunt
274 1123 314 1166 ex
331 1122 506 1187 suppressa
523 1101 703 1180 sententia,
724 1121 787 1185 qun
802 1099 919 1164 veritas
941 1101 990 1165 rel
1013 1113 1235 1187 comparatur

181 1209 259 1253 cum
281 1188 416 1252 veritate
441 1186 508 1249 voti
530 1183 582 1249 sel
605 1185 861 1249 asseverationis.
909 1185 994 1251 Nam
1019 1187 1115 1251 verba
1140 1187 1232 1275 apud

181 1272 318 1337 Terent.
340 1271 424 1334 Eun.
443 1276 475 1349 3,
490 1275 522 1350 2,
540 1275 591 1334 21.
617 1270 670 1334 ita
687 1291 741 1333 me
763 1268 816 1333 dir·
839 1283 972 1348 ament,
996 1271 1169 1337 honestus·
1182 1282 1234 1338 eat

132 1389 136 1396 ·
182 1352 354 1423 continent
380 1355 512 1442 plenam
541 1353 626 1419 hanc
646 1355 858 1420 sententiam:
887 1366 925 1418 ut
949 1357 1130 1421 honesturn
1160 1378 1233 1423 esse
1310 1430 1315 1449 Ι

181 1443 279 1522 dico,
298 1443 342 1506 ita
357 1451 439 1527 opto
461 1451 497 1504 ut
511 1439 555 1504 dii
573 1463 628 1505 me
649 1449 772 1504 ament.
814 1439 969 1526 Sequitur
991 1454 1028 1507 ut
1053 1443 1232 1508 correlati-

179 1549 260 1594 vnrn
278 1527 329 1592 vel
344 1548 419 1590 cum
436 1525 630 1607 indicativo,
650 1526 702 1594 vel
721 1546 796 1589 cum
811 1526 1041 1608 coniunctivo',
1064 1529 1120 1615 qui
1139 1528 1230 1594 alte-

179 1622 257 1679 'rnrn
276 1622 390 1678 votum
410 1613 585 1700 exprimit,
605 1621 661 1674 sut
685 1611 866 1689 omittitur,
889 1622 944 1677 aut
968 1614 1127 1679 orationis
1152 1613 1230 1679 for-

178 1720 235 1763 ma
263 1698 448 1762 invertitur.
494 1697 610 1761 Graeci
635 1695 784 1760 similiter
814 1696 1007 1783 loquuntur.
1053 1700 1129 1765 Vid.
1153 1701 1231 1764 Ho-

178 1804 264 1848 mer.
288 1781 381 1847 Iliad.
408 1787 462 1857 13,
485 1782 561 1846 825.
584 1785 622 1860 8,
642 1783 721 1846 539.
753 1793 785 1844 et
808 1803 890 1868 quae
912 1782 1044 1872 collegit
1065 1785 1229 1852 Matthiae

178 1868 216 1934 in
233 1869 415 1935 Grammat.
431 1869 504 1931 513.
520 1867 552 1930 l.
1149 1900 1152 1905 -

248 1970 253 1993 ¹
278 1983 651 2050 encraticarum
671 1985 711 2037 ua
724 1985 759 2037 ..r
772 1984 962 2042 immature...
976 1991 1052 2042 mua
1066 1989 1229 2058 raparum

245 2088 288 2125 stc
312 2071 452 2122 cdiucurrtc
481 2071 608 2122 liberetur.
651 2068 748 2121 flenee.
772 2068 874 2121 Trosd.
895 2068 964 2130 out.
985 2072 1046 2141 its,
1076 2075 1147 2142 quad
1176 2075 1228 2145 mi7

246 2156 308 2207 uari
321 2155 462 2205 marimum
482 2154 562 2205 uictor
580 2160 679 2222 potest,
702 2154 844 2223 contingat.
880 2156 976 2208 Horat·
995 2157 1053 2210 Sat.
1074 2157 1102 2220 2,
1116 2157 1145 2223 2,
1163 2148 1226 2213 124.
1315 2227 1316 2242 ¹

245 2244 367 2291 venerata
385 2238 475 2301 Ceres,
493 2237 533 2290 itu
548 2236 631 2289 culm
643 2243 763 2305 surgeret
777 2237 844 2302 alto,
864 2241 983 2309 explicuit
1002 2244 1062 2296 ciac
1070 2252 1228 2298 cesimum

237 2321 315 2383 ¹seria
325 2320 434 2386 frontis.
470 2321 548 2387 Quae
571 2319 663 2373 nescio
685 2337 719 2372 sn
740 2319 920 2390 interpretum
940 2341 1018 2378 nemo
1032 2320 1112 2381 καθ’
1131 2327 1226 2399 expli-

247 2403 343 2456 cuerit.
377 2403 447 2457 Num
466 2404 537 2472 quod
557 2405 732 2458 Heindnrfins
753 2405 828 2473 uicta,
849 2410 890 2462 itu
913 2425 972 2461 esse
992 2427 1020 2463 so
1035 2413 1084 2464 wie
1101 2413 1178 2478 jaer,
1196 2419 1227 2468 ut

245 2503 319 2541 nnnc
333 2488 436 2541 imbres
456 2490 570 2557 cadunt,
587 2489 614 2541 id
634 2506 743 2556 prorsus
765 2489 887 2558 ineptum
909 2493 1036 2547 videtote
1054 2493 1125 2549 illud
1145 2513 1225 2562 vero,

245 2572 317 2640 qnotl
330 2572 369 2624 lo.
385 2573 480 2625 Adam.
496 2574 660 2627 Schuelcrus
679 2573 769 2638 finxit,
787 2578 872 2629 verbs
888 2594 950 2629 cnm
965 2584 1044 2646 gestu
1059 2580 1146 2631 luisse
1161 2599 1226 2648 pro-

246 2656 385 2715 nuntiatu.
406 2657 483 2722 quusi
498 2659 606 2712 sodales
622 2659 721 2724 poculo
737 2660 819 2712 ultius
834 2661 1021 2730 sustulissent,
1040 2662 1182 2730 mirabor,
1194 2656 1226 2720 'si

245 2757 299 2793 non
314 2741 435 2794 inveniat
451 2742 561 2794 rieures.
595 2743 695 2794 Votum
712 2745 888 2798 convivarum
904 2748 1032 2799 cererem
1048 2749 1225 2804 adorantium

245 2829 306 2878 erut
316 2844 322 2876 ι
331 2823 381 2909 ¹its
394 2832 491 2894 surgat
505 2827 560 2878 ulto
577 2826 675 2879 culmo.
708 2827 851 2896 Inscriptio
864 2832 936 2898 apud
951 2832 1087 2886 Orelliunr
1105 2850 1132 2886 n.
1142 2833 1224 2891 4151.

242 2909 283 2962 ito
300 2910 396 2961 acleus
432 2909 520 2963 Pleni.
534 2909 597 2962 Aul.
615 2909 683 2989 21,
701 2911 744 2962 ts.
762 2914 800 2965 itu
812 2914 841 2966 rii
849 2917 950 2984 serint.

215 3030 220 3051 ι
280 3009 338 3063 Cic.
353 3010 381 3063 iu
398 3011 478 3064 Catil.
492 3008 519 3073 4,
535 3008 561 3076 6,
575 3010 619 3062 11.
637 3030 700 3066 uam
717 3016 758 3068 ita
772 3016 837 3068 milti
850 3018 926 3071 salvo
940 3017 1073 3087 republica
1092 3021 1225 3076 wbiscum

238 3096 342 3163 perfrui
365 3097 456 3158 liceat,
474 3102 504 3146 ut
518 3112 568 3164 ego
588 3121 622 3137 -
639 3114 690 3148 noa
712 3101 846 3153 atrocitate
869 3101 950 3154 uuicti
970 3119 1078 3155 mmor.
1115 3104 1150 3156 etl
1166 3108 1223 3159 Au.

242 3175 270 3242 5,
287 3177 329 3231 15.
347 3181 384 3231 its
401 3180 501 3242 aivam,
517 3185 547 3232 ut
563 3182 688 3234 munros
702 3193 816 3254 sumptus
826 3186 910 3254 surio.
944 3182 973 3237 in
983 3185 1059 3238 Verr.
1076 3184 1162 3254 5,14,
1177 3189 1223 3243 35.

241 3262 369 3317 urlFsm.
385 3260 484 3324 10,12,
500 3262 526 3315 1.
1036 3239 1169 3299 staua

277 3365 389 3416 Terent.
409 3365 509 3418 licant.
522 3361 548 3428 4,
562 3361 590 3430 8,
604 3365 630 3419 8.
653 3373 729 3436 atque
746 3369 787 3422 itu
806 3386 847 3423 me
868 3369 897 3422 di
910 3378 1013 3435 ament,
1033 3381 1062 3426 ut
1083 3390 1132 3444 ego
1151 3393 1220 3428 nunc

240 3466 291 3500 nou
306 3455 360 3500 tum
378 3457 478 3516 meapte
492 3466 583 3523 ramea
602 3453 696 3518 lance,
715 3470 791 3521 quum
804 3454 882 3505 itlius.
916 3456 1027 3508 Pharna.
1044 3455 1071 3522 5,
1085 3458 1111 3522 3,
1126 3454 1167 3511 24.
1187 3466 1216 3511 at

242 3533 281 3584 itu
296 3548 336 3584 me
348 3540 427 3584 smel
445 3535 578 3602 luppiter,
595 3544 625 3589 ut
636 3537 744 3606 propior
756 3539 810 3602 illi,
829 3555 907 3605 qaum
920 3557 969 3608 ego
985 3558 1041 3592 sum
1062 3532 1093 3594 uc
1106 3549 1144 3605 tu,
1165 3542 1217 3595 lto·

239 3631 282 3666 sno
304 3624 410 3668 nemost.
444 3617 545 3671 llesut.
562 3618 588 3686 5,
604 3619 631 3683 4,
645 3619 671 3672 i.
690 3623 747 3677 Cic.
764 3622 791 3674 in
808 3624 883 3674 Verr.
899 3621 927 3686 5,
942 3621 985 3686 14,
999 3624 1042 3677 31.
1061 3642 1090 3678 er
1105 3627 1144 3679 tte
1164 3643 1220 3696 ego

238 3699 452 3764 submentalibus,
470 3703 583 3769 iudices,
600 3707 638 3758 itu
655 3706 721 3758 milri
739 3709 798 3760 ‹lcos
822 3725 906 3760 omnes
920 3709 1046 3776 propitior
1062 3726 1114 3762 erse
1134 3711 1222 3776 uelim,

239 3787 284 3845 ut,
310 3785 413 3836 tametsi
434 3787 500 3839 milti
518 3789 716 3843 iuuandissinsus
738 3800 774 3844 est
793 3794 870 3844 tonos
888 3794 997 3860 populi,
1012 3799 1098 3844 nmen
1117 3812 1224 3862 uqua-

237 3864 317 3936 quam'
330 3874 432 3920 tantum
445 3872 518 3940 capio
533 3873 691 3942 voluptatis,
707 3884 834 3944 quantum
847 3876 1036 3928 sollicitudinis.
1069 3877 1135 3931 Alia
1154 3878 1224 3953 vide

236 3946 266 4001 iu
284 3949 368 4003 Purei
382 3949 446 4005 [aex.
462 3954 522 4007 crit.
539 3973 566 4023 p.
579 3954 638 4009 645.

254 4049 358 4108 flent.
372 4055 435 4113 Aul.
446 4053 475 4119 4,
490 4054 534 4123 10,
555 4055 599 4111 31.
623 4059 663 4114 itu
685 4066 709 4113 te
732 4062 833 4115 amatu
855 4061 988 4135 luppiter,
1013 4069 1043 4118 ut
1060 4069 1091 4118 tu
1111 4064 1223 4118 mnis?

721 4324 727 4356 l
