2632 4770
558 287 622 356 IN.
1061 303 1124 366 aar

900 372 904 402 l

127 452 294 519 perpetuam,
313 442 503 515 inpraesentia
519 443 632 514 tingatis
646 443 723 496 bobas
742 443 843 500 donati.
879 447 906 514 2,
922 446 966 514 24,
979 449 1005 505 2.
1023 448 1122 522 3135,
1165 459 1168 465 '

126 535 172 587 11.
188 526 286 585 darent
305 530 409 583 talenta
429 538 531 583 centnm
553 530 660 600 argenti
681 529 860 600 inpraesenti
883 538 916 590 et
931 537 1125 606 qstiaqaagiata

107 673 110 679 ,
126 621 229 675 talenta
242 616 272 667 in
288 615 409 696 singulos
424 633 517 669 aanor.

163 721 277 774 Terent.
291 718 394 772 Heaut.
409 717 436 783 5,
452 717 479 783 2,
492 718 518 771 9.
535 716 580 770 nbi
594 723 618 772 ta
632 717 689 771 aidi
703 714 791 770 caiana
806 733 859 772 etse
876 720 969 775 omisso
986 730 1012 776 et
1028 725 1123 780 suavia

127 804 319 877 inpraesentia
337 819 402 872 qnae
415 810 516 872 eareat,
534 804 621 872 prima
638 803 753 867 babae,
771 820 855 874 aeque
875 807 1007 862 conantem
1019 810 1048 862 ia
1064 809 1122 864 loire

128 892 276 963 gitudiaem
287 927 295 956 ,
308 889 363 959 cepi
377 889 515 943 rationem.

144 1041 204 1106 III.
236 1039 345 1106 Verba
368 1047 464 1121 sunt,
489 1061 573 1129 quae
595 1049 777 1127 utrumque
801 1033 912 1105 casum
934 1041 1121 1129 admittant,
1137 994 1305 1130 §miii

59 1129 129 1195 sive
147 1128 242 1210 locus
266 1128 316 1192 vel
340 1149 407 1218 res
407 1124 820 1275 ι11111111,<;οῐιῖ,“ῇμ“τὲιι,1111
844 1128 1011 1214 actiodiri
1034 1142 1121 1217 atur,
1183 1131 1315 1251 0ηῆ

20 1226 24 1234 “
60 1214 266 1296 sivelocus,
289 1213 325 1276 in
350 1234 417 1301 quo
467 1215 522 1276 uid
549 1225 674 1309 agatur.
750 1208 781 1275 ic
812 1198 969 1300 Virgilius
1005 1153 1066 1283 (de.
1090 1223 1121 1301 1,
1217 1227 1220 1230 ’

59 1303 135 1366 438.
153 1303 270 1386 ''qunm
284 1321 319 1364 se
343 1237 710 1364 σοηᾶῑο1ςῖἳί””ὰήἓῖα“ε”εῐ
725 1298 757 1378 4,
773 1299 848 1361 478.
870 1299 982 1364 merita
1005 1302 1044 1386 in
1054 1298 1121 1390 fo-

60 1387 119 1450 liis
137 1387 252 1450 orium
274 1408 310 1449 se
327 1385 441 1450 millia
467 1385 628 1450 condunt.
672 1383 742 1452 Nec
763 1383 899 1470 expedit
921 1380 1001 1450 haec
1022 1388 1122 1454 verba

33 1472 116 1536 bic
142 1493 356 1536 enumerare:
380 1471 548 1558 permulta
574 1471 661 1535 enim
687 1478 782 1550 sunt,
799 1469 862 1533 ,sed
886 1471 973 1533 ratio
988 1478 1147 1571 ,aequas
1247 1495 1249 1500 ·

58 1558 109 1622 lis.
139 1556 177 1619 ld
194 1579 273 1621 vero
291 1579 395 1644 quum
413 1556 621 1654 sammaici
639 1555 789 1620 etiam‘in
807 1555 846 1618 iis
864 1555 983 1635 verbis,
1002 1557 1135 1643 quibus»
1226 1562 1232 1583 ¹
1306 1560 1314 1571 ”

60 1665 147 1707 unus
169 1653 297 1706 tantum
317 1642 440 1708 modus
465 1663 642 1707 convenire
667 1639 856 1718 videbatur,
881 1641 1121 1728 observassent,

61 1739 118 1793 aut
133 1728 265 1791 licentia
281 1728 403 1792 laesam
425 1726 579 1792 dicebant
594 1726 720 1815 legem,
748 1725 904 1797 anthane
927 1716 1121 1808 declaratura,

62 1836 164 1897 quam
192 1813 371 1895 vocabant,
401 1815 622 1878 vetustiorum
647 1812 848 1898 scriptorum
875 1813 946 1876 usui
967 1813 1123 1900 adsigna-
1167 1817 1171 1828 “

62 1900 164 1979 bant,
191 1909 247 1962 aut
271 1921 345 1964 eam
364 1898 446 1963 adeo
470 1898 649 1987 elegantiae
667 1897 804 1963 nomine
828 1900 1121 1966 commendabants
1182 1944 1186 1958 .

60 1985 246 2048 Priscianus
269 1982 444 2072 acquiescit
474 2007 508 2072 p.
526 1987 621 2049 1178.
643 1984 677 2048 in
696 1983 886 2048 'imitatione
910 1984 1120 2051 Graecorum

62 2070 299 2156 approbanda:
322 2069 380 2135 sed
399 2069 524 2135 Gellius
541 2070 570 2150 1,
586 2075 617 2135 7.
639 2070 813 2157 utriusque
836 2069 988 2135 dictionis
1012 2071 1122 2142 ratio·
1209 2087 1211 2090 ’

61 2179 103 2219 ne
130 2165 162 2218 et
185 2156 378 2220 auctoritate
404 2157 553 2242 cognita,
577 2175 744 2235 caussam,
768 2158 975 2243 quapropter
1002 2157 1119 2223 Cicero

51 2242 284 2306 accusativum
309 2242 532 2329 praetulerit,
550 2240 608 2305 ubi
634 2239 792 2306 ablativus
819 2252 903 2304 esset
933 2240 1122 2328 ponendus,
1196 2292 1201 2301 .

63 2323 227 2393 invenisse*
243 2327 306 2390 sibi
321 2329 407 2393 visus
427 2337 475 2391 est
491 2328 524 2392 in
549 2345 632 2390 sono
654 2336 686 2389 et
709 2328 743 2390 in
768 2325 917 2414 positura
942 2327 1122 2393 vocabulo-

61 2435 150 2478 rum.
203 2411 475 2500 Casp.·llarthius
502 2409 543 2475 ad
569 2411 727 2498 Calpurn.
744 2416 782 2491 2,
799 2412 853 2476 56.
879 2433 980 2476 omnc
1004 2413 1120 2479 discri-
1188 2482 1194 2489 ,

59 2500 141 2563 ¹men
166 2520 301 2562 casuum
323 2498 422 2562 tollit.
473 2496 610 2562 Vossius
636 2496 677 2582 de
699 2496 908 2582 constans.
929 2519 964 2584 p.
989 2501 1063 2567 252.
1088 2510 1122 2564 et

63 2584 197 2648 Cottius
215 2584 408 2671 elegantiam
420 2581 853 2668 etantiquitatismoremin
870 2581 1121 2649 hacnotionuui

63 2668 258 2734 confusione
279 2669 676 2759 expressum'putabants
711 2689 809 2752 quam
830 2687 1019 2752 perversam
1044 2671 1122 2757 opi·
1184 2718 1206 2753 Α,

62 2758 199 2819 nionem
217 2755 401 2842 prudenter
417 2754 571 2820 refutavit
590 2753 739 2818 Kritnius
758 2752 798 2816 ad
816 2752 948 2818 Sallust.
963 2747 1033 2840 Ing.
1049 2757 1080 2831 5,
1090 2755 1131 2820 4.
1260 2762 1266 2773 ’

64 2853 95 2905 et
122 2843 163 2905 ad
192 2848 264 2912 112,
281 2849 313 2907 2.
335 2852 368 2908 et
391 2839 431 2905 ad
451 2847 501 2920 17,
521 2846 553 2906 3.
597 2839 662 2905 Sed
685 2837 905 2905 Ruhnkenius
931 2859 1121 2926 quumco·
1180 2864 1188 2886 l

64 2927 229 3014 gnovisset
246 2928 389 2993 Latinos
402 2926 513 2993 dicere
530 2927 568 2990 in
593 2925 712 3013 atiquo
733 2946 832 2990 urere
848 2935 880 2989 et
897 2924 977 3005 alia,
999 2926 1121 2992 inno·

65 3014 107 3078 tis
125 3013 164 3075 ad
181 3014 314 3078 Terent.
331 3013 416 3078 Eun.
432 3019 464 3094 3,
481 3015 513 3091 5,
535 3017 586 3078 19.
608 3011 771 3076 concessit
790 3011 1011 3098 usumpoetis
1030 3033 1120 3159 giro·
1155 3062 1159 3067 .

62 3100 176 3188 prium
192 3099 429 3164 vocabulorum
448 3099 590 3175 amoris,
614 3118 713 3184 quem
728 3115 791 3162 nos
814 3115 850 3184 p.
867 3099 941 3163 268.
969 3096 1029 3160 dec
1045 3114 1121 3162 ara-

62 3186 190 3247 vimns:
228 3195 261 3247 at
281 3183 364 3248 falso
390 3183 542 3249 eamdem
565 3193 719 3246 naturam
744 3180 897 3247 bromius
921 3181 963 3248 ad
986 3183 1121 3248 (lornei.
1245 3240 1250 3247 t

62 3268 168 3334 Phoe.
187 3270 218 3346 4,
236 3274 267 3332 3.
288 3268 386 3334 etiam
408 3269 516 3334 verbis
535 3267 753 3348 crudelitatis,
776 3267 946 3350 saevitiae,
974 3268 1041 3334 irae
1056 3270 1121 3333 tri·
1146 3335 1148 3339 ,
1251 3301 1257 3313 =

63 3355 154 3420 buit:
177 3354 495 3439 Herzogiusautem
520 3353 562 3428 ad
587 3353 717 3419 Sallust
741 3353 811 3417 Cat.
831 3355 884 3436 52,
905 3360 957 3418 11.
982 3355 1017 3418 in
1041 3355 1121 3419 uni-

64 3461 199 3505 versum
224 3439 339 3524 docet,
367 3442 505 3505 nomina
531 3460 651 3505 eorum
675 3437 871 3520 affectuum,
896 3441 953 3527 qui
970 3439 1038 3504 vim
1057 3439 1122 3506 ali·
1202 3485 1210 3508 .

66 3547 169 3612 quam
185 3527 325 3590 activam
341 3525 377 3590 in
400 3548 435 3591 se
458 3525 621 3604 habeant,
643 3537 720 3588 cum
743 3526 925 3595 accusativo
949 3526 1121 3614 componi,
1207 3598 1210 3608 .
1302 3601 1305 3610 .

66 3634 123 3676 scs
148 3633 227 3677 vero
253 3611 486 3698 affectus,'qui
510 3608 633 3696 aliquid
658 3609 843 3698 patiantur,
866 3610 1043 3676 ablativum
1066 3633 1122 3678 re-

65 3698 215 3783 quirere:
246 3720 313 3784 quo
341 3699 373 3763 in
401 3697 583 3784 generesit
605 3694 843 3761 misericordia.
896 3696 997 3776 Quod
1020 3711 1129 3784 quam‘
1189 3706 1192 3711 ’

63 3789 181 3848 verum
205 3807 273 3848 esse
296 3785 463 3862 videatur,
498 3783 657 3848 dictiones
680 3779 1012 3870 inirafexponendae
1041 3782 1120 3848 satis
1221 3803 1228 3820 ⁸

64 3871 311 3934 monstrabunt.
354 3869 512 3951 Rathius,
531 3869 558 3934 si
576 3867 833 3955 quid'umquam
852 3867 934 3934 bene
956 3867 1122 3946 iudicavit,
1145 3932 1148 3937 .

64 3953 245 4038 hocerat,
275 3956 367 4042 quod
390 3956 425 4020 in
448 3956 537 4028 libro
564 3955 605 4020 de
632 3954 818 4019 Grammat.
840 3954 952 4020 Praec.
982 3975 1018 4041 p.
1046 3955 1120 4018 198.

66 4040 174 4123 dixit,
195 4043 223 4105 si
244 4053 369 4111 veteres
392 4041 535 4111 Romani
558 4039 702 4105 rationes
719 4036 861 4123 diversas
882 4037 1122 4127 confudissent,

64 4126 101 4191 id
118 4127 205 4194 male
222 4125 326 4193 fuisse
342 4125 489 4195 iactum.
538 4125 583 4194 Et
605 4125 678 4211 iam
694 4124 879 4191 Priscianus
902 4131 954 4192 17.
974 4146 1016 4214 p.
1027 4124 1123 4218 1049.

712 4228 828 4292 ns*
879 4244 901 4318 χ
