2632 4770
196 280 260 344 616
327 266 329 270 ’
562 271 714 342 MINVS.
755 272 879 342 MiRE.

264 448 319 488 autc
339 436 438 502 aportat
450 427 588 484 nidulum?
620 427 647 490 l,
664 426 690 492 3,
706 425 750 482 81.
770 428 894 500 πυςηῃί
914 431 1003 487 m
1016 433 1125 499 mk,
1148 441 1261 508 qma.

198 534 201 539 .
260 521 348 587 farem
366 534 443 571 aaron
459 514 552 568 aare?
577 514 620 566 tta
634 521 676 564 eat
691 513 888 580 actitandum,
907 532 961 570 m
974 534 1049 571 m
1066 520 1126 589 w·

283 655 335 720 15.
358 650 515 716 Schottua
536 647 575 713 ad
596 648 734 712 cornel.
759 652 828 715 Aa.
850 656 950 728 18,1.
975 654 1041 730 ait,
1066 656 1121 722 uti
1143 677 1207 724 mu
1240 658 1247 674 ⁸

93 774 96 781 ,
198 750 356 826 sequente
376 758 480 824 quam
499 735 609 799 omitti
624 736 748 820 possit,
774 738 874 802 etiam
889 737 1000 804 omitti
1021 741 1161 808 nunus.
1222 745 1259 811 tta

199 847 296 905 vero,
316 843 397 911 quae
411 844 446 908 p.
463 824 537 887 571.
559 820 601 883 de
623 819 749 885 omisso
773 823 889 910 magia
908 823 1109 912 explanavi,
1135 829 1260 896 confir·

198 922 331 975 tuantur
347 928 404 987 eo,
420 905 521 1055 guod
536 906 649 970 minua
664 927 848 992 numquam
864 908 1091 994 desideratur,
1112 916 1168 980 uti
1183 915 1258 982 Bro-

199 997 285 1060 miua
308 994 417 1057 iama
462 989 596 1057 Coraci.
619 989 695 1056 Dat.
718 995 749 1071 8,
767 999 796 1060 1.
814 995 957 1059 monuit.
998 998 1105 1085 Apud
1129 1001 1258 1067 Gorne-

199 1083 282 1145 lium
297 1079 332 1142 in
347 1075 474 1156 verbis,
497 1098 696 1165 aequavero
710 1078 823 1143 minua
844 1078 903 1146 illc
925 1080 978 1145 uir
999 1079 1113 1151 bonne
1135 1098 1257 1173 pater·

190 1161 358 1251 familiae
371 1159 507 1227 laudium
524 1174 574 1227 eat
589 1182 692 1249 qrtam
708 1163 810 1246 civia,
835 1164 984 1249 codices,
1008 1172 1070 1254 qui
1096 1192 1178 1236 non
1201 1172 1257 1239 ha·
1301 1192 1304 1199 ’

201 1251 279 1314 trent
294 1249 425 1320 mima,
445 1270 515 1312 non
535 1257 645 1313 tantae
661 1258 739 1314 sunt
757 1251 980 1339 auctoritatis,
1000 1263 1133 1323 utnon
1150 1257 1196 1325 dc
1210 1259 1256 1325 in·

196 1333 559 1424 tegritatedubitemua.
968 1338 991 1377 ³³

614 1505 819 1593 MIRE.

202 1664 205 1671 ¹
282 1672 321 1740 ln
342 1670 499 1740 adverbio
523 1687 612 1737 nnnc
632 1693 702 1736 non
725 1670 918 1761 significatio
938 1684 1008 1755 eat,
1028 1699 1120 1765 quae
1139 1704 1192 1749 ‘ex
1215 1684 1253 1751 ii.

198 1761 329 1828 cutione
352 1759 513 1844 indigeat,
541 1756 727 1837 seductio,
758 1780 822 1845 qua
855 1780 932 1824 cum
954 1761 1025 1827 aliia
1055 1771 1195 1834 nomin'
1220 1792 1251 1836 ua

198 1847 421 1934 coniungitur.
473 1845 581 1991 Atpue,
603 1843 730 1908 mirum
752 1843 966 1922 adjectivum,
990 1849 1100 1916 verbo
1125 1868 1183 1931 aar
1207 1856 1251 1923 val

196 1955 354 2022 expresso
375 1929 426 1996 vel
442 1929 521 1994 intel
536 1938 618 2007 aeto,
635 1949 712 1993 cum
729 1929 894 1995 vocabulis
909 1944 1080 2029 quantum
1096 1949 1131 2004 et
1150 1963 1251 2030 quam

196 2021 241 2085 ita
255 2015 486 2104 componitur,
513 2021 549 2076 nt
565 2013 600 2076 in
616 2035 717 2078 unam
736 2016 828 2100 quasi
851 2026 1024 2083 notionem
1045 2024 1250 2105 coalescant,

196 2116 229 2168 et
243 2115 281 2168 ut
296 2104 331 2166 in
346 2103 449 2165 altero
464 2098 638 2176 membro,
661 2109 833 2186 tamqnam
847 2123 916 2165 non
931 2104 1079 2190 pendeat
1090 2131 1138 2176 ex
1158 2125 1250 2180 ante-

196 2187 332 2254 cedente
356 2184 534 2250 sententiae
562 2193 676 2284 parte,
707 2184 899 2251 indicativus
928 2201 1109 2277 aequatur,
1151 2199 1250 2267 veluti

196 2273 283 2360 apud
298 2273 369 2336 Liv.
384 2276 417 2348 2,
436 2276 463 2343 1,
483 2274 532 2333 11.
554 2268 595 2336 ad
608 2268 734 2334 mirum
749 2283 913 2358 quantum
927 2271 1067 2362 profuit
1091 2281 1145 2352 ad
1169 2307 1249 2350 oon·

194 2357 354 2423 cordium
384 2354 545 2420 civitatis.
577 2355 673 2418 ‹Hoc
703 2357 801 2435 etiam
833 2355 906 2423 fieri
935 2359 1050 2426 dicunt
1083 2365 1123 2431 in
1152 2371 1248 2445 mire,

194 2442 303 2531 quud,
326 2454 362 2506 ut
382 2441 461 2520 alia,
483 2460 643 2504 cumaeae
661 2440 857 2507 admodum
874 2441 922 2508 rei
937 2444 1162 2518 indicandum
1178 2455 1248 2520 col-

194 2531 333 2594 locetur.
377 2527 566 2590 Sedunum
592 2527 693 2588 modo
718 2537 821 2590 exstat
844 2529 1036 2617 exemplum
1061 2537 1160 2622 apud
1184 2541 1247 2605 Cic.

184 2616 234 2680 ‘ad
249 2617 315 2680 Ati.
334 2619 363 2687 1,
382 2617 433 2676 11.
455 2610 541 2674 mire
555 2633 657 2696 quum
671 2611 764 2676 illine
779 2611 847 2676 loci
861 2637 927 2678 non
945 2616 1048 2681 modo
1067 2643 1174 2706 naua,
1191 2625 1247 2690 aed

192 2702 300 2764 etiam
316 2696 485 2784 cogitatio
501 2694 659 2759 delectat.
700 2695 883 2762 Bentivolio
903 2719 945 2764 ex
961 2707 1162 2775 ascensiana
1177 2712 1244 2778 edi-

64 2768 66 2773 ·
128 2834 152 2849 .
191 2786 281 2855 tione
296 2781 534 2848 restituendum
551 2779 719 2844 videbatur
733 2782 858 2846 mirum
874 2807 996 2872 quam:
1017 2794 1244 2874 quemadmo-

96 2936 102 2945 ,
191 2872 272 2936 dum
298 2876 349 2947 13,
368 2873 421 2933 30.
444 2867 570 2929 mirum
591 2888 694 2951 quam
717 2867 874 2931 mimicas
899 2867 982 2936 ibat.
1027 2874 1184 2947 Oreliiua
1207 2882 1242 2947 ad

191 2956 374 3040 analogiam
391 2961 550 3038 provocat
573 2950 749 3021 verborum
768 2975 853 3018 sane
874 2976 996 3041 quum:
1018 2981 1110 3045 quae
1131 2974 1242 3032 tamen

190 3042 317 3107 diversa
332 3048 418 3102 sunt.
461 3037 528 3100 Nec
546 3037 704 3123 exemplis
726 3037 796 3100 aliis
812 3039 1004 3107 confirmari
1028 3057 1148 3133 potest
1169 3052 1241 3117 for·

188 3127 279 3192 mula
292 3126 379 3190 mire
395 3132 453 3186 eat.
497 3121 609 3202 Quare
627 3123 667 3188 de
685 3123 870 3209 integritate
893 3127 1077 3198 verborum
1102 3135 1239 3203 illorum

172 3213 339 3279 mutitare
356 3209 444 3275 licet.

272 3331 359 3396 Cum
376 3323 540 3392 adieetivia
557 3323 771 3408 componitur
786 3325 873 3392 mire
888 3329 925 3393 in
942 3331 1090 3402 modum
1116 3340 1233 3408 verbo·

186 3415 376 3495 ramberte,
397 3409 507 3490 mate,
527 3418 560 3473 et
575 3408 694 3472 dicitur
710 3407 751 3473 de
766 3432 802 3475 re
817 3413 935 3478 eximia
952 3427 985 3481 et
1003 3421 1129 3492 nimia.
1171 3424 1229 3491 Sed

186 3502 241 3567 hic
254 3524 329 3566 usus
345 3520 415 3563 non
429 3495 544 3561 attinet
561 3492 601 3556 ad
616 3495 801 3580 antiquiora
825 3507 978 3586 tempora
1001 3517 1034 3570 et
1058 3504 1191 3577 videtur
1208 3530 1226 3574 c

184 3588 431 3736 provinciarum
452 3578 640 3667 regionibus
655 3579 689 3642 in
712 3581 843 3660 Latium
869 3584 1004 3654 delatus.
1046 3589 1092 3658 In
1117 3596 1230 3686 primis

210 3673 306 3738 liniue
323 3671 497 3736 delectatus
514 3675 563 3729 est
578 3662 643 3727 hoc
661 3663 834 3732 vocabulo,

285 3789 355 3844 Ptin.
369 3789 442 3842 fltat.
458 3802 484 3838 u.
499 3782 543 3848 29,
558 3783 585 3848 l,
604 3783 630 3836 6.
653 3784 765 3853 mireque
786 3794 896 3855 gratum
917 3791 1059 3844 muratum
1081 3799 1143 3854 «ἕω
1162 3802 1232 3854 Μ.

249 3874 368 3946 (fuisse).
400 3871 489 3939 Saepe
504 3870 543 3922 ita
557 3885 618 3948 cnm
632 3878 745 3939 gratum
758 3871 915 3938 composuit.
938 3874 979 3938 19,
995 3873 1022 3940 5,
1037 3875 1083 3931 24·
1104 3885 1232 3954 mrim

247 3963 311 4014 mire
327 3958 397 4012 terrui
415 3955 533 4024 pediculo
551 3955 662 4006 libratur
680 3958 783 4024 poradm
800 3958 931 4010 immobile
948 3977 1037 4016 curae.
1071 3965 1121 4032 ιο,
1143 3969 1170 4034 9,
1188 3968 1229 4021 41,

247 4042 394 4096 maeatas
403 4040 468 4092 mire
480 4040 552 4091 utilia
563 4041 702 4095 dumtaxat
716 4042 868 4098 arentinae·
883 4043 995 4104 Portica
1009 4045 1132 4107 deeuti·
1145 4052 1230 4108 utimr

244 4127 356 4182 Porcina
372 4121 400 4188 6,
414 4123 441 4178 3.
459 4122 524 4182 arira
538 4123 630 4192 opiter.
