2654 4770
213 281 282 349 sss
716 271 824 368 IN„
1050 228 1188 273 '²⁵'

212 445 287 502 'tere
306 431 482 499 notionem
506 426 750 508 similitudinis,
771 437 805 491 et
824 427 983 518 Virgilius
1007 428 1093 496 dixit
1113 428 1205 510 Aen,
1228 435 1279 518 11,

214 524 291 588 rur.
320 513 417 607 quem
446 515 597 605 (equum)
620 514 724 602 pellis
750 514 847 578 uenis
872 516 910 580 in
934 516 1096 603 plumam
1127 519 1280 605 squamis

219 601 307 672 euro
324 614 482 669 conserta
499 600 648 690 tegebat.
674 599 767 687 quod
783 599 958 665 Sallustius
983 603 1016 667 in
1041 602 1174 691 Fragm.
1197 604 1282 671 Hist.

217 712 236 758 a
263 690 306 755 ud
332 691 503 754 Servium:
528 710 615 776 quae
640 686 749 751 linteo
771 683 897 773 ferreis
920 687 1062 753 laminis
1085 692 1123 754 in
1139 689 1282 754 modum

214 799 241 865 p
279 796 358 840 mae
380 785 630 840 annexuerunt.
682 771 836 858 Eumque
858 793 956 837 usum
978 786 1157 862 poetarum
1182 798 1281 840 suum

122 852 129 867 Ι
157 872 163 877 “
215 862 369 928 fecerunt
393 861 590 948 posterioris
616 857 778 945 temporis
803 859 994 947 scriptores.
1045 862 1163 948 Neque
1191 863 1281 926 enim

216 948 261 1018 ed
281 957 389 1011 totam
414 947 610 1011 latinitatem
634 946 798 1031 pertinet,
822 965 865 1010 ne
892 967 932 1009 ue
955 945 1062 1012 ullum
1085 948 1280 1035 exemplum

216 1034 384 1120 antiquius
413 1053 485 1097 non
510 1032 655 1119 pertinet
680 1028 720 1093 ad
752 1042 833 1094 eam'
859 1053 879 1094 o
905 1034 1146 1113 servationem,
1180 1056 1280 1120 quam

143 1182 149 1189 ,
196 1118 361 1206 'exposui
387 1139 422 1189 u.
440 1121 492 1185 33.
521 1118 691 1186 Praeterea
716 1114 775 1202 qu'i
799 1137 842 1180 ex
860 1117 958 1183 Plinii
982 1117 1073 1183 libris
1098 1121 1280 1184 afferuntur
1325 1200 1326 1203 Ἴ

216 1203 301 1279 loci,
327 1202 392 1292 ipsi
408 1212 486 1267 sunt
503 1200 613 1271 dubiis
635 1201 742 1284 iniis,
766 1224 848 1288 quae
867 1203 902 1268 in
918 1203 1208 1291 Apuleii'Metam.
1233 1206 1280 1270 le-

240 1299 360 1366 antur,
396 1287 463 1353 duo
485 1298 617 1352 tantum
641 1286 795 1374 exempla
825 1299 980 1353 constant
1005 1292 1200 1357 auctoritate
1223 1313 1278 1355 eo·

216 1313 340 1441 dicum.
383 1374 548 1439 Koelerus
570 1394 675 1459 quum
694 1373 727 1438 in
750 1372 870 1441 Wolfii
888 1375 1038 1443 *Analect
1062 1401 1095 1464 p.
1117 1383 1194 1443 332.
1220 1400 1278 1465 per

198 1463 253 1544 ¹in
276 1460 423 1548 exprimi
447 1459 526 1527 dicit
549 1459 788 1546 accessionem,
809 1471 966 1546 sequutus
992 1462 1188 1531 Ruhnkenii
1216 1464 1277 1527 do·

126 1611 133 1620 ,
193 1548 381 1626 utrinam,
423 1568 493 1611 non
528 1546 604 1610 setis
642 1566 759 1627 usum,
796 1567 858 1609 nee
893 1546 1059 1613 rationem
1094 1551 1277 1636 perspexit.

214 1633 422 1705 Schwareius
448 1630 537 1697 haud
586 1629 729 1699 robsbili
756 1631 861 1696 modo
894 1643 1070 1725 comparat
1101 1636 1277 1703 Gallorum

214 1740 259 1792 sn
267 1719 410 1806 prinae,
434 1740 478 1787 en
491 1654 707 1804 pdiidsoplee.

212 1907 214 1914 J
317 1887 391 1944 rm.
412 1884 718 1954 nist.n.12‚1r,et.
745 1887 985 1959 nunsgnmsrars
1006 1892 1124 1962 pavere.
1159 1882 1278 1950 stains

280 1973 454 2041 Oudendorp.
468 1973 591 2027 defendit
604 1973 770 2041 scripturum
784 1973 848 2029 edit.
864 1991 953 2043 parm.
968 1975 998 2028 in
1012 1979 1153 2046 pulverem.
1171 1979 1218 2048 13,
1234 1979 1278 2048 15,

279 2060 324 2114 30.
343 2060 437 2112 mensis
451 2059 595 2127 praecipue
614 2060 659 2112 dos
671 2059 700 2111 in
715 2074 805 2110 mnam
826 2060 920 2129 crispis
935 2059 977 2112 uel
997 2061 1026 2113 in
1042 2065 1151 2117 vortices
1172 2084 1278 2134 parvos.

243 2151 247 2162 '
280 2143 310 2197 ir.
327 2160 352 2197 e.
365 2143 395 2196 in
410 2143 530 2208 formam
546 2158 643 2195 venas.
678 2142 805 2198 Albinov.
822 2143 850 2197 in
866 2151 985 2198 mortem
1005 2146 1130 2201 Maecen.
1145 2148 1190 2203 st.
1201 2152 1280 2218 sedit

232 2276 234 2278 ,
284 2227 398 2281 Aloidas
410 2234 551 2298 postquem
566 2227 717 2280 dominator
740 2230 860 2301 Olympi,
876 2230 1025 2303 dieiturlin
1046 2234 1158 2287 nitidum
1179 2255 1279 2305 prooe-

197 2306 199 2313 ’
283 2313 366 2366 baisse
391 2313 485 2367 bouem.
520 2312 580 2366 Non
599 2303 767 2382 intelligitur
784 2313 812 2366 in
833 2314 1061 2382 modum‘bovis‚
1081 2319 1128 2370 sed
1155 2318 1216 2387 ipse
1231 2322 1277 2374 Iu-

165 2418 191 2464 s·
230 2398 232 2405 ’
270 2397 357 2466 ‘piter
373 2399 464 2454 iaetus
484 2399 597 2451 estbos.
632 2399 727 2466 Quare
741 2399 860 2467 pertinet
875 2402 928 2455 hoe
952 2401 1109 2470 exemplum
1131 2404 1166 2457 ad
1190 2422 1218 2456 n.
1232 2405 1276 2460 33.

169 2467 178 2512 Ϊ
188 2527 197 2539 ,,
224 2514 232 2541 4
263 2483 451 2544 'Prosemdsre
467 2482 502 2535 de
518 2487 699 2537 transmutato
715 2485 929 2552 conpassionis,
945 2493 974 2540 et
990 2489 1128 2553 eomodo,
1148 2508 1201 2557 quo
1221 2490 1277 2543 Ne-

280 2583 349 2629 mes.
365 2567 471 2638 cyneg.
485 2567 530 2621 29.
550 2558 605 2623 uite
623 2570 674 2621 ivit
692 2569 721 2618 in
737 2569 857 2622 arboreas
874 2573 1005 2638 srondssr
1024 2573 1072 2624 sed
1093 2573 1183 2640 aptius
1207 2574 1276 2629 illud

280 2659 398 2706 naturae
412 2651 493 2705 bovis
507 2653 626 2708 videtur.
652 2652 700 2706 Sic
711 2652 873 2712 Philostrat.
889 2655 922 2708 de
938 2657 996 2712 vite
1007 2657 1160 2724 Sophist2.
1176 2659 1276 2727 pote.

282 2733 418 2804 Haueris·
428 2766 464 2779 -
479 2735 509 2801 ἐς
522 2737 625 2794 λέοντα
639 2738 795 2807 θυμοῦται,
814 2739 863 2793 nal
879 2738 907 2803 ἐς
918 2742 970 2796 oris
988 2736 1072 2812 ὁρμᾷ,
1090 2742 1139 2798 καὶ
1149 2743 1190 2806 εἰς
1206 2743 1275 2814 δρά-

281 2840 370 2877 κοντα
383 2827 483 2893 χωρεῖ,
503 2822 553 2880 sal
570 2823 610 2884 stc
624 2817 765 2903 πάρδαλιν
782 2817 870 2879 ἄπει.

297 2942 423 3011 ,Apulei
445 2943 514 3011 Met.
537 2939 564 2993 3.
591 2959 618 3010 p.
641 2941 702 3006 135,
726 2941 768 2995 36.
792 2946 866 3012 fissa
888 2944 916 2996 in
938 2945 1054 3014 lapidem
1076 2948 1137 3000 steti
1157 2950 1275 3018 gelidus.
1296 2938 1297 2941 Ἴ

277 3023 379 3079 Omnes
395 3027 472 3082 codd.
486 3023 590 3077 hubent
613 3027 713 3093 lapide.
744 3028 815 3081 lllud
831 3035 888 3094 est,
908 3031 1027 3097 defixus,
1046 3038 1078 3085 ut
1091 3032 1163 3100 lapis
1180 3035 1273 3089 fuctus

277 3111 398 3169 viderer.
419 3112 445 3164 2.
464 3128 491 3179 p,
503 3109 573 3174 llo,
586 3108 629 3163 25.
647 3112 765 3182 lapideas
779 3117 895 3168 Actaeon
913 3143 946 3156 -
970 3119 1000 3170 in
1016 3119 1120 3171 dorsum
1134 3121 1273 3188 proiectus,

280 3196 387 3257 iamin
413 3211 516 3248 sermm
530 3196 645 3262 seritius.
680 3215 732 3250 uon
752 3199 830 3253 abest
856 3200 931 3256 notio
958 3201 1172 3272 progressionis:
1201 3205 1273 3271 qnod

277 3294 329 3341 nos
343 3280 381 3330 bis
396 3294 448 3338 sur
461 3278 648 3335 Hireehnatnr.
672 3278 699 3332 3.
717 3281 880 3354 ρ.139,38.
904 3287 1011 3357 iamque
1032 3289 1139 3341 alternis
1163 3290 1273 3343 eonati-

195 3428 197 3431 ·
279 3365 327 3416 dus
342 3362 443 3415 libratis
459 3363 587 3429 mashir,
604 3365 634 3416 in
657 3383 731 3425 ouem
753 3368 863 3439 similem
884 3373 1035 3439 gestiebam.
1070 3373 1126 3438 Hie
1144 3375 1171 3425 in
1196 3392 1274 3428 nvem

161 3457 167 3460 “
276 3447 377 3517 pendet
400 3463 435 3499 ex
459 3445 546 3499 verto
572 3449 685 3519 gestire,
710 3457 850 3505 utrensus
872 3452 922 3508 sit:
949 3457 1093 3524 cupiebam
1114 3458 1173 3511 uvis
1198 3459 1271 3513 lieri.

192 3544 195 3558 ¹
222 3584 227 3591 ,
272 3527 695 3602 4.,p.144,23.me1aquesn
717 3545 847 3591 mortuum
868 3557 921 3593 non
940 3543 1076 3609 fustibus,
1094 3561 1147 3594 non
1171 3545 1271 3596 stimu-

271 3615 306 3670 tis
324 3640 359 3657 -
374 3617 483 3677 tentavit
498 3634 646 3690 exsurgere.
681 3621 737 3674 Sed
756 3623 873 3689 eodioes
891 3624 956 3690 ulii,
974 3626 1129 3696 intorques
1147 3628 1270 3694 Pitlroei,

271 3700 303 3774 irs
318 3701 425 3755 modern
439 3704 550 3760 mansis
571 3694 643 3771 quae
659 3705 744 3762 dictio
759 3709 922 3779 saepissime
938 3719 1086 3780 usurpatur
1096 3715 1130 3766 ub
1142 3714 1272 3781 Apuleio.

268 3783 296 3839 6·
313 3802 339 3852 p.
354 3784 423 3853 185,
438 3784 481 3841 34.
505 3789 596 3858 quodsi
618 3807 677 3845 vers
699 3793 935 3865 lnpitsrmngiait
957 3797 985 3848 in
1008 3799 1113 3851 donem:-
1136 3807 1226 3869 potest
1244 3801 1272 3851 in

270 3871 346 3924 asino
371 3890 428 3926 meo
449 3874 531 3926 latere
554 3875 656 3942 aliquid
677 3879 718 3930 uel
737 3880 825 3931 sullus
848 3881 960 3934 hominis
986 3884 1027 3935 ael
1043 3884 1131 3950 feries
1153 3886 1270 3937 deorum

272 3955 367 4011 Etiam
379 3958 427 4011 hic
444 3957 494 4011 elil
515 3958 591 4013 codd.
608 3961 637 4012 in
651 3961 713 4017 dius
730 3964 874 4034 praebent.
909 3965 966 4023 Sed
983 3965 1053 4027 illud
1076 3968 1168 4040 accipi
1186 3969 1272 4029 sobet

269 4055 322 4121 pro
338 4043 366 4105 in
384 4045 490 4105 modam
509 4044 589 4106 lovis,
1000 4053 1002 4057 ’
