2632 4770
217 258 414 330 155·
721 253 781 323 IN.

285 407 753 478 ntr.ot‚1nlo.niv.t,lt,t.
776 408 809 465 In
823 417 941 482 angono
951 418 1013 470 tote·
1049 415 1247 487 0811111527,
1261 421 1288 476 2.

281 519 331 572 qne
344 499 472 570 oppressis
495 498 524 550 tn
549 503 664 566 angono
685 514 745 567 oper
765 503 813 551 est.
847 497 881 551 d'n
896 503 1009 570 mnsam
1023 517 1084 558 esee.
1120 505 1194 558 Ptin.
1211 507 1287 562 Hiet.

285 591 342 640 nat.
360 584 400 650 n,
414 583 458 649 12,
477 580 582 648 8518.

227 752 231 765 2
322 688 431 757 leian.
451 686 480 741 in
501 685 610 758 orgen.
633 683 702 752 8,1,
722 684 811 754 25,1.
835 688 967 742 interdum
984 696 1086 765 ,tenen
1108 695 1138 747 in
1159 696 1287 765 pendenti

285 782 337 838 est,
358 777 400 827 cui
424 774 545 843 ocqmrot
561 773 788 838 inefructnnrine
811 789 906 841 inme.
942 773 1029 829 Gaius
1052 777 1081 830 in
1102 779 1168 850 mg.
1189 779 1241 847 41,
1258 781 1284 847 1,

283 858 328 926 ta,
343 858 370 911 2.
402 858 467 912 vide
481 856 585 931 Dukpr.
600 855 629 909 iu
645 854 746 926 opusc.
762 856 798 911 de
812 857 925 912 Latinit.
942 860 1027 917 letor.
1045 880 1071 931 p.
1088 863 1149 917 aab.

317 962 432 1017 Sallust.
447 958 607 1032 1118488
625 979 686 1013 none
700 962 730 1014 in
744 962 879 1033 lugortlea
894 970 984 1018 tantus
999 966 1075 1021 dolus
1093 976 1216 1037 tonoque
1236 987 1283 1038 pe-

232 1080 236 1085 ·
260 1048 349 1113 ‚sitin
367 1049 480 1101 locorum
502 1054 528 1101 et
547 1047 658 1101 militine
673 1053 750 1111 erat,
767 1055 796 1101 nt
814 1049 904 1101 absens
918 1066 956 1103 nn
974 1069 1116 1122 praesens,
1135 1072 1230 1122 pacem
1246 1073 1282 1124 nn

280 1136 375 1187 bellum
390 1149 482 1205 gerens
494 1131 661 1201 perniciosior
676 1139 757 1197 eust,
774 1133 804 1185 in
821 1133 921 1188 incerto
936 1136 1083 1192 bnbnetur.
1119 1139 1174 1193 vid.
1192 1140 1279 1193 licita.

285 1217 444 1272 adSallnot.
453 1214 514 1270 (lat.
527 1214 572 1282 41,
587 1215 615 1271 1.
633 1215 723 1270 Tacit
729 1216 804 1271 Hiet.
820 1216 848 1282 2,
862 1217 906 1273 21.
926 1221 955 1272 in
969 1222 1020 1275 teci
1034 1224 1162 1277 inclitum.
1182 1225 1279 1278 Annal.

211 1356 215 1361 ,
281 1300 392 1367 15,17.
410 1301 516 1373 quondo
540 1301 569 1353 in
587 1301 689 1354 incerto
710 1303 861 1356 habeantur
878 1306 1035 1360 Parthorum
1052 1317 1166 1361 conmne.
1202 1309 1279 1362 Thu-

282 1388 345 1458 cyd.
367 1387 402 1452 1,
419 1384 464 1439 25.
489 1382 520 1440 ἐν
539 1379 638 1458 ἀπόρῳ
654 1385 763 1452 εἴχοντο
785 1385 893 1442 θέσθαι
911 1385 943 1443 cd
963 1390 1066 1458 παρόν.
1104 1395 1278 1447 casaubonus

281 1474 317 1527 ad
337 1473 448 1526 Straton.
471 1472 550 1525 caes.
565 1468 609 1521 23.
628 1472 734 1533 refert,
759 1471 872 1526 Iratinos
895 1491 999 1544 graeca
1022 1474 1053 1532 lo
1073 1475 1184 1550 μεγάλῳ
1201 1481 1277 1534 τίθε-

281 1559 353 1612 σθαι
370 1555 521 1610 reddidisse
536 1555 629 1609 verbis
642 1557 671 1608 in
685 1575 781 1627 niagno
803 1559 905 1611 babere·
940 1559 971 1614 ln
985 1573 1108 1632 promptu
1122 1567 1231 1629 babere,
1250 1566 1278 1618 in

278 1650 406 1715 prompta
419 1660 518 1712 gerere.
554 1641 646 1695 Plaut.
662 1642 760 1695 Pseud.
777 1641 804 1709 1,
821 1640 849 1708 5,
864 1640 909 1696 84.

279 1745 461 1885 2Ιτιωιίισοτκι
478 1743 767 1816 relinqueredixerunt
792 1745 890 1801 Iririus
906 1743 939 1812 5,
956 1746 1007 1814 18,
1022 1745 1049 1802 5.
1068 1749 1181 1803 Tacitus
1203 1751 1277 1806 Hist.

306 1868 316 1898 ,
366 1865 375 1883 .

295 1987 348 2053 14.
373 1983 719 2069 Consideremus,
742 1984 844 2075 quein
858 2010 911 2052 res
929 1997 1071 2075 occupat
1093 1999 1149 2053 aut
1171 2000 1275 2070 tenet,

208 2072 279 2141 sive
307 2066 457 2138 internus
491 2073 559 2138 sire
592 2083 768 2151 externus,
802 2075 943 2139 notione
973 2073 1039 2141 loei
1072 2075 1274 2161 designatur.

209 2160 325 2242 Quare
336 2158 374 2223 in
392 2159 548 2246 ponitur,
572 2158 630 2222 ubi
650 2158 799 2224 conditio
825 2170 858 2225 ot
887 2182 1041 2250 praesens
1066 2184 1180 2226 rerum
1205 2174 1274 2228 sta-

206 2257 261 2313 tus
277 2255 328 2313 est
342 2243 581 2333 significandos.
624 2244 732 2330 Atque
752 2244 1026 2337 ita·exprimitur
1049 2259 1081 2312 et
1103 2249 1156 2325 id,
1183 2251 1274 2334 quod

113 2400 118 2411 ,
204 2333 287 2401 alibi
315 2334 492 2420 participio
517 2330 697 2408 verborum
730 2331 878 2422 dieitur,
903 2344 936 2399 et
963 2333 1015 2410 id,
1049 2336 1139 2421 quod
1173 2339 1274 2400 etiam

203 2419 500 2486 coniunctionibus
523 2438 644 2504 quum,
667 2417 768 2497 dnm,
800 2419 832 2497 si
855 2420 1055 2503 enuntiatur.
1109 2422 1153 2486 cf.
1180 2423 1273 2487 Heu-

205 2508 330 2594 singer.
354 2505 530 2569 Emendat.
560 2525 595 2590 p.
611 2507 665 2569 87.
691 2505 748 2590 qui
773 2505 901 2571 diversa
927 2508 1078 2571 contulit.
1122 2509 1271 2574 Verbum

204 2616 276 2659 ense
292 2592 400 2657 Latini
418 2613 493 2655 oum
509 2588 573 2654 hac
590 2591 840 2678 praepositione
857 2594 1059 2680 coniungere
1085 2596 1212 2674 solent,
1234 2606 1271 2660 ut

203 2681 390 2758 declarent,
423 2678 593 2763 quomodo
615 2699 667 2741 res
690 2700 724 2742 se
747 2676 884 2756 habeat,
910 2679 998 2742 velut
1018 2682 1144 2744 esseio
1165 2684 1267 2746 timo-

204 2790 263 2847 ne,
285 2767 323 2829 in
347 2762 619 2850 exspectatione„
646 2774 702 2826 aut
724 2764 895 2846 quomodo
916 2764 1076 2828 habeatur
1094 2790 1147 2830 res
1172 2769 1269 2852 quid-

202 2873 244 2918 ve
260 2874 297 2916 ea
315 2851 476 2938 patiatur,
496 2848 584 2914 velut
599 2871 670 2912 esse
686 2847 725 2911 in
747 2850 885 2914 bonore.
928 2849 966 2914 ln
991 2851 1105 2915 multis
1129 2864 1266 2940 utruque

110 3005 112 3008 ,
142 2979 145 2985 -
205 2948 238 3005 et
259 2939 362 3003 activa
381 2947 414 3000 et
431 2936 557 3021 passiva
581 2935 664 2998 ratio
688 2935 792 3011 inest,
816 2957 877 3000 nee
900 2935 971 3001 sine
996 2938 1105 3024 aliqua
1133 2951 1264 3003 senten-

203 3025 269 3089 tiae
295 3022 526 3110 ambiguitate.
585 3020 773 3107 Scriptores
813 3023 1034 3101 recentiores,
1068 3036 1105 3109 ut
1134 3027 1267 3106 Plinius,

193 3108 265 3177 'hae
297 3108 543 3197 compositione
574 3104 738 3171 formulas
765 3107 937 3189 fecerunt,
969 3110 1087 3196 quibus
1117 3112 1268 3198 inopiam

203 3197 385 3262 verborum
406 3195 618 3259 sustinerent.
676 3192 773 3282 Apud
804 3195 1006 3282 antiquiores
1039 3198 1184 3263 conditio
1216 3197 1269 3261 vel

202 3292 306 3346 status
322 3283 394 3369 ipse
409 3283 591 3370 cogitatur,
616 3302 717 3368 quem
736 3281 991 3370 aliquissubiit,
1014 3296 1071 3349 aut
1091 3286 1148 3371 qui
1171 3284 1268 3349 alicui

64 3419 70 3432 ,
107 3412 133 3469 '.
191 3367 336 3469 ¹oblatus
353 3374 412 3430 est.

306 3509 367 3563 Lir.
380 3510 425 3576 23,
437 3509 464 3578 9,
480 3509 507 3563 7.
530 3517 709 3581 torpescantne
725 3513 832 3566 destrae
849 3513 877 3566 in
898 3515 1012 3568 amentio
1033 3511 1105 3565 illa?
1120 3511 1168 3564 nbi
1192 3513 1267 3566 Gro-

198 3600 201 3608 '
265 3590 371 3651 ¹novius
401 3594 631 3666 praepositionem
664 3596 810 3650 delendam
840 3599 978 3651 censebat.
1028 3596 1125 3648 Vellei.
1150 3599 1211 3651 Pat.
1236 3601 1263 3666 2,

270 3680 340 3747 118,
356 3682 382 3734 1.
406 3683 436 3735 in
451 3700 552 3735 sommo
564 3684 677 3750 feritate
692 3685 868 3736 versutissimi.
903 3683 959 3736 cic.
974 3682 1009 3735 ad
1023 3683 1101 3734 Fam.
1116 3683 1143 3746 2,
1160 3684 1203 3749 lo,
1220 3683 1263 3737 19.

247 3785 250 3793 ·
269 3767 318 3822 leon
334 3768 469 3836 adspersi,
485 3775 516 3819 ut
532 3768 624 3832 scires,
641 3784 683 3819 nce
696 3776 786 3821 tumen
801 3770 829 3821 e‘n
841 3769 972 3820 etornnobo
988 3767 1068 3819 solere
1083 3768 1176 3822 ridere.
1206 3771 1264 3823 Te-

247 3853 250 3859 “
269 3857 340 3905 rent.
360 3849 450 3917 AM,
467 3852 493 3915 1,
509 3847 534 3903 5.
552 3844 613 3902 niem
629 3852 697 3902 bono
718 3853 786 3903 diem
808 3852 889 3903 nimis
908 3851 999 3904 misere
1017 3851 1110 3919 cupio,
1129 3861 1160 3905 nt
1182 3857 1262 3924 coepi,

222 3929 241 3977 '-
267 3930 423 4008 perpetuans
440 3937 469 3990 in
485 3936 590 3988 laetitio
605 3937 707 4004 degere.
742 3935 798 3987 vid.
814 3935 903 3989 voret.
926 3936 960 3988 de
982 3933 1073 3988 lentio.
1095 3937 1167 3990 ialso
1190 3957 1262 4007 susp.

269 4038 297 4090 p.
312 4017 374 4073 ele.
409 4020 468 4075 cie.
483 4021 517 4074 ad
535 4022 613 4074 Fam.
627 4017 670 4086 15,
687 4016 731 4085 15,
745 4020 771 4074 7.
788 4038 836 4074 nos
854 4028 944 4076 tomen
960 4023 990 4075 in
1004 4022 1187 4090 eonsiliopnrr‘
1201 4041 1262 4078 casn

268 4105 393 4162 numne·
405 4107 448 4163 reti
468 4123 566 4164 sonu·
587 4105 622 4185 iu
633 4104 717 4164 cent
730 4105 758 4175 1,
771 4105 799 4175 9,
807 4104 857 4187 <20·
876 4098 922 4163 eod
940 4112 1028 4165 tener
1041 4107 1071 4162 tn·
1089 4115 1149 4163 sunt
1170 4109 1261 4174 coloni,
1306 4146 1308 4151 -

707 4282 715 4319 l
