2632 4770
431 240 433 250 2
516 198 650 289 IMMO'.
754 243 759 254 1
861 254 864 263 ι
1054 172 1125 296 ω’

45 385 133 440 tur:
161 373 201 440 ab
219 395 260 442 eo
274 373 312 440 fit
326 375 395 440 imo
408 372 602 438 coniunctio
614 352 626 455 ,l
646 349 839 462 quaeapud
865 384 990 443 veteres
1015 365 1121 466 sigui-

48 461 184 527 ficabat
206 482 346 548 prorsus
374 461 467 545 quasi
490 483 531 525 ex
555 461 675 525 intimo
684 510 695 542 ,
733 481 822 524 nunc
849 484 929 527 vero
957 463 1121 551 significat

52 549 141 634 quin
161 550 311 635 potius.“
356 548 401 608 Vt
423 558 628 632 praeteream
652 557 844 611 commenta
870 549 1015 632 Caesaris
1041 555 1121 617 Sca-

54 634 169 720 ligeri‚
183 634 244 720 qui
261 632 301 698 ab
320 627 398 712 ἶμᾶω
416 632 561 713 deducit,
584 626 617 696 et
634 629 852 714 Schuenckii,
879 639 936 719 qui
953 633 1028 716 dpo,
1054 640 1119 704 boc

10 750 39 801 ·;.
57 731 111 786 est
135 719 265 803 ὄμνυμι,
289 717 439 796 affirmo,
467 717 502 783 in
525 721 595 783 imo
614 728 780 782 mutatum
804 729 918 805 putat,
941 723 988 786 nti
1010 721 1123 810 ὄμβρος
1173 714 1204 758 7
1271 778 1275 785 .

10 814 28 861 ²·
57 807 96 873 in
113 805 240 882 imber,
260 803 378 890 reliqui
395 803 466 868 fere
481 829 601 869 omnes
620 806 654 868 in
673 827 712 869 eo
729 808 980 890 acquieverunt,
1001 819 1040 873 ut
1062 813 1121 876 de.

57 894 291 958 monstrarent
304 890 374 955 imo
391 912 460 954 esse
477 892 518 955 ab
534 893 633 971 imus,
649 903 681 954 et
695 890 832 955 hocdici
844 913 905 978 pro
922 888 1054 980 infimo.
1079 899 1122 962 At
1143 956 1148 970 ,

57 1001 130 1044 non
149 980 227 1042 satis
244 976 516 1054 considerarunt,
539 999 606 1064 quo
626 977 731 1040 modo
756 999 796 1041 ex
816 973 958 1064 infimo,
981 978 1046 1045 hoc
1072 992 1122 1047 est

14 1104 17 1111 ·
61 1088 106 1131 ex
125 1063 288 1152 inserimo
306 1059 942 1151 siveinferrimo,fieripotueritimus.
988 1065 1122 1156 Synco-
1183 1065 1192 1128 '1

13 1218 22 1229 ‚
59 1174 130 1241 pen
158 1148 386 1238 appellabant,
410 1171 494 1234 quae
520 1162 604 1214 esset
627 1148 778 1214 vocabuli
802 1150 993 1217 destructio.
1035 1154 1124 1219 Nam
1219 1190 1223 1196 s

60 1245 105 1305 in·
124 1238 254 1313 i-mns,
282 1235 372 1311 i-mo
397 1237 538 1300 omnin'o
562 1236 775 1324 exstirpatam
789 1236 946 1301 ,ridemus
968 1247 1122 1304 naturam

59 1323 220 1391 vocabuli
241 1318 418 1409 infersire
435 1319 646 1412 inseruimus.
689 1321 753 1384 Sed
778 1322 964 1408 procedunt
990 1324 1030 1388 ab
1057 1325 1123 1390 hoo
1184 1337 1186 1340 ’

11 1432 15 1439 ·
60 1410 233 1500 principio
252 1409 287 1471 in
310 1405 397 1471 hanc
415 1409 519 1473 viam:
546 1409 615 1473 imo
630 1405 814 1492 significare
829 1406 954 1491 fundo,
979 1411 1015 1475 in
1039 1410 1123 1476 sun-

61 1499 129 1571 do,
163 1506 196 1560 et
225 1512 328 1580 quum
353 1494 514 1578 Germani
539 1494 651 1558 dicant
671 1493 720 1555 im
752 1491 915 1573 Grande,
948 1498 1123 1584 propriam

58 1584 185 1650 latinae
201 1579 382 1667 particulae
398 1577 673 1667 significationem
703 1601 774 1642 esse
796 1581 846 1642 im
865 1579 1025 1663 Grande,
1049 1606 1124 1648 vom

59 1666 230 1755 Grande,
263 1666 422 1753 quodsit
435 1687 592 1753 prorsus.
642 1663 680 1728 lu
708 1664 825 1750 quibus
854 1663 1008 1730 omnibus
1037 1670 1125 1750 ratio

57 1754 268 1841 conspicitur
283 1750 393 1819 nulla:
419 1762 507 1818 certe
521 1773 593 1816 non
616 1760 729 1840 potest
751 1771 789 1814 ea
808 1771 851 1814 cx
875 1751 1148 1820 Germanorum.
1242 1790 1244 1793 v

53 1864 123 1909 usu
137 1840 232 1929 peti,

179 1976 305 2048 Boppins
327 1977 357 2030 in
383 1977 566 2038 Commentat.
586 1975 621 2028 de
645 1971 876 2029 Demonstratiris
899 1997 926 2047 p.
940 1975 985 2033 21.
1003 1996 1036 2032 ex
1049 1980 1125 2035 com-

90 2124 94 2132 ,
131 2064 278 2136 paratione
299 2063 413 2133 liuguae
435 2062 544 2115 indicae
566 2062 681 2130 collegit
702 2060 819 2130 originis
845 2070 1027 2132 argumentur
1045 2067 1125 2120 imma

132 2170 195 2204 esse
210 2166 259 2218 pro
271 2151 340 2202 *inno
361 2147 582 2223 dictum,·idque
608 2164 640 2198 cx
661 2148 672 2198 i
693 2145 878 2213 pronomineli
896 2155 924 2201 et
941 2147 1123 2218 syllabarum

62 2288 71 2295 ,
135 2243 279 2299 constare,
298 2251 368 2304 qaae
383 2233 412 2285 iu
425 2231 523 2284 indicis
540 2231 743 2299 pronominibus
760 2230 860 2284 tertiae
877 2249 1011 2301 personae
1037 2252 1125 2305 appo-
1142 2248 1144 2252 ⁴

133 2322 220 2375 nitur.
254 2320 340 2388 quue
355 2317 522 2389 persuasisse
542 2319 652 2370 ridetur
671 2316 876 2381 Lindemanno,
898 2312 979 2385 quern
1004 2319 1067 2374 vide
1090 2323 1125 2375 ed

134 2407 251 2458 Festum
274 2425 301 2473 p.
317 2395 384 2456 562.
427 2402 563 2469 Equidem
587 2416 653 2453 reru
675 2402 782 2453 nnllam
804 2418 903 2454 censeo
926 2402 1042 2472 originis
1065 2424 1126 2461 essa

56 2488 59 2495 ⁴
132 2491 360 2559 explicationem,
377 2488 406 2539 in
431 2501 485 2554 qua
507 2485 690 2538 alienissimae
712 2503 757 2537 res
777 2483 960 2540 'similitudine
975 2490 1033 2543 soni
1051 2509 1126 2546 com·

137 2575 293 2645 ponantur,
312 2591 363 2627 nec
382 2573 442 2625 ulla
459 2570 667 2641 significationis
682 2571 754 2624 ratio
768 2569 897 2626 habetur.

152 2729 246 2792 Imus
261 2734 398 2799 nonest
421 2748 486 2813 pro
512 2719 632 2811 infimo
657 2723 801 2805 dictum,
824 2722 882 2787 sed
905 2724 1062 2814 singulari
1086 2746 1127 2792 ex

62 2814 173 2902 stirpe
189 2824 332 2878 enatum.
375 2811 411 2876 ln
432 2812 514 2877 locis
533 2812 622 2875 enim
643 2811 851 2898 designandis
868 2810 949 2875 duas
972 2815 1126 2878 notiones
1200 2893 1201 2896 Ἴ

64 2902 301 2987 distinguimus
317 2898 395 2962 has:
419 2898 459 2963 ab
478 2920 530 2974 en,
549 2897 638 2983 quod
654 2919 754 2984 supra
771 2897 822 2978 rel
836 2898 1125 2984 insuperiorere·
1154 2931 1156 2934 ·

66 2989 172 3074 gione
191 2997 257 3068 est,
278 2985 503 3049 descendimus
522 2985 562 3048 ad
586 2982 640 3063 id,
664 2982 756 3070 quod
780 2982 920 3047 inferius
939 2994 1005 3064 est,
1031 2993 1063 3047 et
1085 2982 1127 3049 ad

66 3072 246 3136 infimum:
271 3094 337 3156 quo
357 3071 493 3134 altitudo
517 3069 652 3154 quidem
677 3067 844 3134 definitur.
891 3070 955 3132 Sed
979 3073 1126 3158 opponib

22 3175 26 3181 “
67 3169 123 3223 tur
141 3155 241 3222 etiam
265 3161 310 3232 ei,
335 3157 423 3244 quod
447 3166 496 3220 est
519 3156 552 3218 in
568 3155 738 3241 superiore
762 3166 875 3243 parte,
897 3156 949 3236 id,
975 3156 1066 3240 quod
1092 3159 1127 3222 iu

71 3245 236 3310 contraria
253 3256 346 3330 parte
369 3242 458 3306 infra
481 3251 541 3306 est.
585 3242 743 3323 Germani
767 3243 883 3305 dicunt
909 3263 956 3305 aa
975 3241 1036 3305 der
1060 3263 1139 3309 unt
1173 3236 1180 3252 ’
1220 3287 1224 3297 -

68 3343 148 3396 tem
172 3330 310 3394 Flct'clte.
362 3328 447 3397 lllud
478 3325 682 3413 significatur
710 3349 789 3392 voce
812 3322 887 3415 inf,
925 3328 989 3389 boc
1017 3326 1128 3396 autern

66 3439 263 3483 vocezmm.
309 3415 360 3479 Ex
377 3413 640 3493 hocfitimnm,
664 3413 1046 3499 quodcsteontrarium
1069 3437 1127 3478 su·
1223 3444 1236 3498 j

17 3549 23 3564 .
67 3526 155 3653 Ῑῧτο
175 3503 227 3566 vel
244 3524 394 3582 summo,
419 3502 484 3565 dns
507 3499 652 3564 Uetere.-
674 3494 831 3585 infimum
849 3509 959 3562 autem
984 3510 1031 3562 est
1062 3499 1128 3564 dae

18 3624 20 3633 ·
108 3600 257 3654 uterne„
292 3590 409 3674 Neque
433 3599 543 3650 tamen
566 3587 601 3650 in
625 3584 687 3648 hac
714 3589 891 3650 notionum
913 3585 1128 3652 similitudine
1193 3651 1195 3655 ,
1254 3600 1256 3607 ’

55 3674 230 3739 ·fie1·inon
250 3674 371 3760 potuit,
393 3674 552 3736 utimum
570 3694 634 3759 pro
654 3667 774 3757 infimo
791 3670 966 3750 diceretur,
987 3682 1019 3735 et
1034 3668 1135 3735 Rhe:

69 3772 128 3824 tor
144 3760 185 3822 ad
201 3761 346 3823 Herenn.
373 3764 404 3830 3,
424 3763 474 3838 18,
491 3763 544 3822 30.
568 3758 744 3822 scriberet:
767 3755 858 3821 nicil
876 3768 997 3820 nostra
1019 3757 1130 3822 inter·-

70 3848 137 3925 sit‚
164 3857 278 3909 utrum
298 3869 321 3908 a
338 3865 486 3916 stimmo,
511 3867 558 3908 an
576 3842 619 3908 nl)
635 3845 723 3922 imo,
746 3867 794 3908 nn
814 3839 857 3906 ab
879 3842 993 3906 medio
1015 3841 1129 3907 nomi-

71 3957 121 3997 na
138 3953 255 4003 eorum
272 3931 384 3994 dicere
401 3929 628 4015 incipiamus.-
649 3953 750 3993 nemo
766 3941 878 3999 tamen
898 3927 1056 4014 loquutus
1080 3937 1130 3994 est

12 4072 18 4079 .
73 4016 119 4082 ab
135 4014 256 4104 infimo
269 4029 428 4104 pectore,
446 4039 552 4110 ,nemo
577 4016 684 4082 imum
708 4015 748 4082 de
774 4010 912 4105 ignobili
934 4015 1010 4080 loeo
1033 4035 1128 4082 usur·
