2632 4770
213 217 277 285 ⁶68
659 211 808 279 MAGIS.

281 369 780 439 mumma-tommosam.
814 362 1135 435 Lsstquidaem
1157 368 1271 437 passu,

278 456 348 510 uitus
369 456 543 525 quodnam
559 459 694 522 wana,
718 452 766 505 toa
789 450 879 521 magis
902 457 1006 505 manao
1034 452 1137 505 dame
1157 454 1272 508 tavida

284 540 356 593 stat
375 538 475 593 sehin.
497 538 524 602 1,
541 535 602 591 141.
622 536 698 590 trude
720 536 815 605 magia.
849 535 939 589 Gratii
958 535 1064 606 cyneg.
1086 534 1137 591 90.
1172 537 1273 591 oeroina

235 634 239 641 '
280 625 376 679 iuuere
390 625 478 692 magis
493 628 718 675 contasere'aeroo.
735 618 754 671 1.
770 636 794 671 e.
812 619 901 686 potius
925 636 1007 689 quam
1026 621 1092 677 alio.
1135 622 1272 690 Caluum.

283 706 311 777 o,
324 705 369 761 dd.
385 708 521 774 statuuat,
539 711 619 759 antra
631 705 719 774 magia
734 704 870 773 vicinaque
883 721 950 758 auae
963 713 1095 774 potamau.

213 855 216 863 ·
297 832 330 894 7.
349 831 375 893 Α
399 826 443 891 ud
459 827 577 891 lulium
587 824 797 890 Severianum
815 826 968 913 Syntom.
982 826 1129 892 Rhetor.
1147 849 1188 910 p.
1198 829 1272 891 301.

214 913 343 982 Pithoe.
370 851 538 977 &aaronis
561 912 715 996 leguntur
738 910 836 975 verba
859 912 1017 976 orationis
1049 934 1115 1000 pro
1146 913 1272 976 Scauro

215 1000 345 1067 habitae
362 997 462 1063 haee:
486 1009 517 1062 et
532 997 695 1085 quoniam
709 1008 873 1083 congestu
889 996 965 1088 snit
986 998 1176 1062 accusatio
1194 1019 1271 1061 ma-

212 1086 272 1175 gia
289 1104 408 1149 acervo
423 1082 572 1170 quodam
586 1081 786 1159 criminum,
807 1104 878 1146 non
896 1082 1122 1148 distinetione
1150 1083 1271 1171 aliqua

212 1190 380 1260 generum
395 1179 428 1232 et
443 1166 590 1233 varietat
611 1212 620 1230 .
646 1166 874 1247 ¹fleumaunus
892 1178 926 1231 et
940 1168 1075 1255 alii-pro
1092 1190 1174 1232 non
1192 1168 1267 1233 seri·

216 1265 355 1345 pserunt
375 1275 488 1341 quam.
531 1253 599 1333 Qut
659 1250 704 1313 iad
729 1252 959 1334 restituerunt,
987 1253 1080 1317 nullo
1106 1253 1269 1342 exemplo

217 1342 488 1406 demonstrarunt
505 1336 696 1402 Ciceronem
714 1336 759 1400 ita
782 1336 912 1403 dixisse.
953 1338 1159 1425 Numquam
1185 1341 1272 1405 enim

213 1425 333 1513 magia
356 1424 402 1488 sio
427 1422 574 1489 absolute
599 1422 709 1508 posuit
731 1444 793 1505 pro
811 1424 940 1508 potius.
984 1423 1057 1489 Sed·
1074 1423 1222 1489 Paullus
1241 1423 1272 1488 in

213 1512 257 1579 Di
280 1556 290 1575 .
306 1513 340 1589 6,
354 1514 386 1588 3,
405 1514 459 1575 22.
483 1530 530 1572 an
545 1506 600 1572 tic
616 1506 732 1592 magis
743 1528 917 1592 possessor
932 1507 1134 1574 audiendus
1153 1511 1225 1585 sit,
1243 1509 1273 1572 si

216 1534 297 1662 vedt
317 1616 391 1661 rem
420 1593 576 1669 trudere,
605 1626 668 1676 ·-‚
694 1613 764 1657 nou
780 1595 929 1680 petitor,
955 1594 988 1659 si
1009 1594 1180 1682 pretium
1213 1593 1272 1660 de-

211 1682 351 1749 adderet.

237 1830 241 1839 '
299 1826 330 1887 8.
351 1819 390 1885 Iu
406 1816 635 1897 disiunctione,
650 1819 707 1882 ubi
722 1828 846 1884 veteres
859 1818 967 1884 Latini
985 1817 1035 1884 vel
1074 1819 1191 1894 otius,
1217 1839 1272 1883 seu

212 1906 328 1993 potins
350 1907 505 1970 dixerunt
525 1902 559 1967 in
581 1901 792 1989 praeferenda
822 1903 882 1967 alia
909 1927 946 1968 re
977 1898 1085 1970 aliove
1110 1906 1272 1983 nomine,

215 2002 335 2078 poetae
329 1988 802 2093 „PQQRQQEQ‘J
817 1989 1031 2075 usurpabant.

317 2107 471 2164 Nemesim.
490 2105 558 2176 Cyn·
578 2103 640 2160 214.
663 2124 742 2177 quam
762 2126 851 2178 aegaea
875 2111 963 2162 radios
984 2111 1050 2164 tristi
1071 2110 1223 2164 iaculatur
1239 2112 1271 2163 ud

282 2196 377 2251 auara
397 2190 515 2247 nutu·
536 2216 572 2233 -
595 2207 640 2245 suu
658 2193 746 2263 nogia
764 2194 891 2263 ignicomi
909 2195 1046 2247 candentia
1060 2201 1149 2264 terga
1177 2196 1270 2248 Leonis

283 2295 362 2350 qum
375 2278 461 2347 quast
480 2282 535 2331 ete.
570 2275 712 2331 claudian.
726 2276 764 2339 ‚do
788 2279 867 2330 Coos.
883 2277 947 2331 soit
959 2275 985 2342 ὃ,
999 2275 1060 2332 2⁰8.
1073 2294 1129 2341 ¹aaa
1146 2281 1204 2332 atti
1220 2280 1270 2332 Bi-

279 2372 368 2419 atueua
387 2362 544 2432 ptam
564 2363 784 2428 cancerosus,
804 2379 848 2418 aaa
869 2363 957 2434 auga
974 2362 1072 2416 acation
1089 2364 1171 2417 aedes
1186 2365 1271 2417 aiei-o

231 2502 234 2507 .
282 2446 785 2519 haustamque-uetante.

227 2588 232 2597 '
295 2586 328 2650 9.
350 2580 562 2649 Grammatiei
576 2581 664 2647 haud
680 2604 755 2647 raro
775 2579 1267 2730 madssjfflssffl·

874 2688 906 2731 tu

209 2666 306 2756 plina
326 2690 400 2735 aeae
425 2678 539 2749 erunt,
569 2666 727 2754 equibus
754 2660 858 2731 Er'nes
909 2689 943 2731 m
971 2675 1004 2730 et
1029 2660 1266 2733 Goerenzium

213 2746 365 2819 uotiiiho.
438 2753 470 2818 d.
492 2753 577 2818 illius
600 2754 722 2817 Annot.
747 2752 786 2816 ad
812 2752 877 2816 Cio.
908 2772 944 2839 p.
972 2750 1073 2816 Rose.
1108 2754 1192 2816 Am.
1216 2754 1265 2816 14.

212 2836 311 2905 huius
335 2839 376 2904 ad
392 2838 461 2904 Cio.
487 2838 527 2905 do
543 2838 620 2924 Leg.
670 2841 769 2904 ‚230.
809 2840 851 2901 At
873 2857 910 2901 ea
932 2834 1105 2923 exempla,
1126 2839 1169 2903 in
1188 2838 1265 2925 qui-

214 2921 276 2989 bus
290 2929 462 2991 notionem
486 2926 631 3010 maguitu
654 2923 716 2985 inis
737 2932 793 2986 aut
811 2922 922 3008 copiae
937 2920 1185 3007 intelligamus,
1206 2932 1263 2988 sut

212 3008 303 3074 nulla
318 3019 415 3090 sunt,
440 3019 496 3073 aut
510 3007 613 3072 malae
629 3018 737 3071 notae.
781 3006 978 3071 Facaiolatns
993 3007 1095 3093 igitur
1106 3006 1187 3073 iure
1201 3028 1262 3072 no-

212 3095 300 3191 gavit
320 3095 436 3181 magis
457 3101 572 3156 natura
594 3113 651 3156 sua
674 3092 713 3156 ad
738 3092 950 3177 quantitatem
973 3090 1112 3157 refersit
1136 3114 1261 3179 quam-

237 3200 314 3244 uam
336 3179 530 3244 Garatonius
551 3177 579 3241 ei
602 3199 672 3241 non
696 3176 852 3258 eredidit,
873 3176 931 3241 sed
952 3174 985 3240 in
1008 3177 1076 3241 Cio.
1099 3198 1137 3265 p.
1160 3176 1259 3242 Rosa.

209 3201 286 3330 dm.
312 3266 363 3344 14,
384 3268 438 3329 39.
460 3262 656 3346 scripturam
679 3261 843 3341 defendit,
872 3283 972 3348 quam
1000 3271 1113 3327 tamen
1167 3272 1259 3328 osteo

210 3348 534 3427 udVeur.2‚495122.
549 3350 620 3435 ipse
633 3346 714 3412 vidit
723 3370 792 3414 esse
805 3346 1071 3431 improbandam.
1099 3347 1125 3411 C
1145 3350 1254 3413 .Gro-

207 3431 334 3499 tesendi
349 3436 573 3498 Commentar.
589 3438 702 3518 poto.
732 3431 911 3514 Quomodo
921 3431 1094 3496 Noltenius
1106 3455 1143 3497 se
1158 3452 1248 3499 erro-

210 3540 247 3585 re
258 3519 419 3606 expediat,
443 3520 515 3584 vide
528 3520 609 3583 Lex·
627 3541 660 3604 p.
678 3524 771 3584 1131.
805 3518 889 3581 Sunt
901 3526 1010 3597 tamen
1025 3517 1195 3597 dictiones,
1211 3515 1250 3579 in

211 3604 329 3690 quibus
354 3615 492 3691 utraque
512 3604 668 3692 particula
692 3603 818 3668 admitti
850 3602 987 3690 potest.¹
1020 3603 1151 3668 Dicitur
1172 3601 1251 3689 plus

210 3710 333 3756 amare
356 3701 389 3753 et
408 3690 524 3779 magia
546 3712 683 3754 amare:
712 3688 776 3753 hoo
796 3698 844 3752 est
868 3691 969 3773 magis
994 3709 1094 3772 quam
1122 3689 1181 3753 alii
1199 3699 1256 3750 aut

211 3773 276 3842 atio
297 3786 470 3862 tempore,
496 3785 529 3839 et
551 3773 742 3860 intelligitur
760 3773 904 3839 diversus
926 3773 1063 3835 modusa
1087 3773 1178 3837 illud
1197 3795 1257 3837 au-

208 3869 278 3926 tem
300 3862 513 3946 quantitatem
531 3859 653 3923 amoris
673 3860 796 3926 indicat
816 3868 850 3923 et
864 3879 1028 3921 summam
1044 3858 1138 3942 quasi
1155 3881 1259 3924 amo-

208 3945 368 4117 rIiJsafhoo
391 3957 440 4012 est
466 3946 500 4010 in
524 3944 678 4010 latitarem
711 3944 848 4020 Grada,
880 3941 963 4009 illud
996 3942 1034 4007 in
1054 3941 1261 4033 groJierem

245 4052 280 4095 m
297 4054 380 4121 ung.
460 4080 462 4084 -
