2632 4770
402 265 547 336 INTVS.
591 269 785 340 lNVlGEM.
1057 284 1123 352 449
1159 300 1178 363 ᾖ

166 421 257 478 ernest,
274 421 346 476 nist,
364 422 389 499 t,
403 422 446 476 35.
472 442 526 476 reon
542 425 656 494 populus
679 411 786 480 tanturn
808 436 834 481 et
855 431 979 500 imperito
999 437 1070 506 plebe
1087 439 1117 496 io

129 511 239 580 plausus
256 517 280 560 et
298 510 438 560 immodico
453 509 557 573 studio,
575 510 621 560 secl
636 511 750 575 equitum
767 514 885 582 plerique
907 537 938 570 oe
959 510 1121 591 senatuum,

126 597 209 666 posita
226 603 293 646 meto
316 595 432 657 incauti,
450 593 571 660 refractis
590 593 691 660 palatii
709 595 814 662 soritas
836 617 910 652 ruere
928 604 1013 671 intus,
1035 627 1067 660 ac
1087 627 1116 664 se

133 682 235 733 Galbae
250 685 386 732 ostentare·
420 676 561 730 Acidaliae
584 678 653 729 intra
673 679 847 733 scribendum
870 687 992 750 putabet.
1023 694 1116 748 Verbo
1176 685 1179 690 ’

134 767 162 817 r„
179 765 288 833 plausae
303 771 327 816 et
345 764 485 815 immodica
503 763 592 814 studio
605 770 657 813 nou
672 765 871 818 constructione
888 771 1036 826 cohaerent
1051 795 1114 831 oum

128 851 214 902 verbo
223 848 322 914 ποτε,
340 848 388 899 sed
402 845 612 914 intelligendum
627 851 668 898 est
681 847 798 900 verbnm
812 851 966 908 continuata
988 861 1113 915 oratione

129 934 298 1000 absorptum.
332 930 430 984 Activo
446 947 527 982 renen
541 931 649 984 [rueret.
666 929 693 995 6,
708 929 767 984 72³
788 953 863 1003 quom
878 957 952 993 mare
964 917 1113 1011 permotm

128 1020 210 1072 uentis
226 1017 279 1068 ruit
293 1017 362 1068 intus
378 1031 494 1068 arenam·
903 1030 910 1043 ¹
939 1022 941 1027 Ι
1032 1015 1033 1019 ¹

166 1119 260 1173 Celsus
276 1117 301 1184 5,
316 1117 360 1182 28,
378 1117 420 1170 12.
441 1135 468 1184 p.
484 1115 545 1168 332.
562 1118 584 1168 is
604 1117 740 1184 (calamus
760 1121 942 1193 scriptorius),
953 1131 993 1181 ori
1005 1126 1114 1198 fistulas
1155 1173 1160 1183 .
1205 1129 1208 1134 ’

129 1207 279 1276 aptandus,
300 1197 547 1270 inspirantiumqoe,
564 1209 593 1253 ul
614 1220 645 1253 ea
667 1206 855 1259 medicamento
873 1212 942 1262 intus
957 1218 1113 1283 compellun-

127 1301 179 1344 tur.
223 1289 322 1341 Paullo
346 1291 407 1355 post
437 1287 509 1339 intus
532 1287 732 1362 infundendum.
776 1289 870 1353 8,14.
902 1297 971 1347 ealce
999 1301 1112 1368 aliquem

128 1393 203 1444 super
219 1376 305 1443 ipsura
320 1355 410 1424 riebere
424 1373 558 1423 consistere
568 1378 595 1423 et
609 1373 679 1424 inlus
694 1374 832 1442 impellere.
867 1375 893 1441 8,
910 1377 951 1429 tu.
967 1379 1020 1433 siae
1042 1393 1112 1438 ertru

127 1461 269 1523 remansit,
292 1459 346 1509 sive
372 1458 440 1508 iotae
464 1459 578 1515 reuertit.
614 1454 640 1519 Β,
664 1454 707 1508 29.
729 1459 851 1524 fistulam
874 1463 1058 1519 medicamento
1078 1495 1112 1510 .-

128 1547 229 1597 illinere
246 1559 359 1611 comque.
372 1542 441 1592 intus
461 1541 533 1593 liare.
569 1538 692 1593 Scribon.
706 1542 790 1611 Larg.
806 1544 866 1596 121.
884 1564 934 1596 noo
953 1550 1023 1602 enim
1039 1554 1112 1621 poti-

129 1637 172 1683 tur
193 1630 246 1680 late
254 1627 335 1694 fieri,
354 1643 401 1678 nec
414 1627 483 1678 intas
497 1627 590 1707 uolnus
605 1627 734 1690 convoti,
754 1624 798 1680 sed
822 1631 871 1681 cita
892 1633 1029 1698 supprimit
1052 1648 1113 1688 sores
1154 1687 1156 1692 .

129 1714 240 1783 guinem
254 1719 279 1764 et
294 1711 386 1763 uulnus
402 1711 476 1779 cogit
489 1712 563 1762 coire.
597 1711 629 1762 lu
651 1711 774 1777 Querulo
795 1712 938 1772 comoedia
957 1715 1113 1772 Plautino·

128 1797 202 1850 mine
225 1795 298 1848 edita
315 1792 341 1860 4,
360 1793 386 1848 3.
415 1795 461 1846 oli
482 1795 596 1847 celerius
617 1796 700 1859 intur,
732 1796 892 1850 Pontomole.
933 1788 975 1864 3,
992 1799 1018 1852 5.
1044 1804 1117 1858 iotae
1163 1808 1171 1818 ⁸

129 1885 234 2003 wagrim
248 1944 541 2004 accusetiroSoribon.
557 1944 600 1998 46.
626 1929 732 2000 iniicere
756 1955 844 2000 autem
860 1949 929 2002 intas
950 1968 1042 2007 ocrem
1064 1961 1137 2010 cul.
1207 1994 1209 1999 -

48 2021 50 2028 ’
128 2052 207 2088 nores
222 2036 341 2088 eocltleoe
354 2033 550 2086 uiuae'eornera
562 2047 613 2101 per
626 2048 661 2084 se.

58 2272 86 2338 E
144 2193 175 2252 2.
195 2188 353 2252 ·Directi0
373 2182 589 2273 exprimitur,
613 2182 668 2248 ubi
682 2206 748 2272 pro
773 2186 941 2251 introrsus
964 2191 1128 2276 ponitur.¹
1191 2189 1200 2204 ⁹
1257 2181 1261 2191 ’

89 2283 118 2338 st
131 2274 309 2338 'einwrirts

173 2393 290 2458 Quintil.
310 2389 361 2454 11,
383 2387 409 2453 3,
431 2385 473 2479 99.
504 2388 596 2457 pollice
623 2390 865 2471 intrethlocliaoto.
911 2392 1007 2443 celsus
1028 2392 1062 2458 9,
1085 2393 1113 2449 4.
1177 2372 1180 2377 .

130 2495 158 2546 p.
172 2475 233 2528 519.
250 2478 352 2542 imoque
366 2491 430 2542 pars
444 2474 499 2526 eius
514 2473 584 2525 intus
607 2474 643 2527 orl
660 2476 830 2540 semorum,
850 2491 948 2527 cornua
971 2479 1006 2528 ol
1027 2496 1054 2531 as
1074 2481 1116 2533 io-

130 2570 235 2632 legruos
256 2556 377 2631 spectent.

413 2707 794 2813 taurento„
894 2754 895 2757 κ

151 2883 236 2946 Satis
256 2880 373 2946 fecisse
389 2877 594 2965 grammatici
619 2878 681 2943 sibi
707 2877 766 2943 visi
790 2891 867 2943 sunt
885 2880 1123 2961 deman‘ptranae

66 2950 130 3047 dir,
153 2969 296 3032 inuicem
314 2989 383 3030 esse
403 2967 441 3041 ia
461 2963 613 3028 ricemer
637 2964 680 3027 ob
703 2962 790 3028 hauc
807 2987 951 3030 caussam
969 2972 1119 3053 separata

65 3055 224 3118 vocabule
239 3046 430 3129 scribentis,
468 3049 598 3115 Tamen
621 3050 656 3112 in
671 3049 741 3114 aliis
765 3052 887 3116 multis·
903 3050 1008 3119 verbis
1033 3052 1119 3115 eius-

66 3139 142 3202 dem
159 3141 284 3223 generis
300 3159 368 3201 uon
386 3132 578 3200 dubitabant
599 3136 742 3200 adverbii
766 3135 909 3202 formam
933 3158 1121 3223 agnoscere,

67 3224 170 3287 veluti
195 3223 403 3302 urlnwdum,
426 3221 608 3307 imprimis.
654 3221 717 3285 Sed
740 3218 951 3288 Burmannus
974 3223 1008 3284 in
1030 3224 1121 3286 notis

68 3310 108 3372 ad
125 3309 259 3373 Nemes.
274 3306 348 3371 Ecl.
368 3309 468 3387 4,13.
494 3328 642 3370 errorem
666 3308 832 3393 castigavit
851 3308 1023 3394 imperitae
1048 3307 1122 3392 ple-

67 3395 139 3475 bis,
177 3414 260 3479 quae
289 3391 371 3456 haec
403 3391 561 3456 vocabula
591 3392 626 3454 in
651 3413 750 3455 unam
781 3415 897 3457 vocem
926 3393 1122 3458 contrahere
1155 3426 1156 3429 ¹

68 3482 208 3561 soleret,
240 3474 416 3564 sequutus,
448 3477 510 3556 nisi
533 3476 652 3557 fallor,
683 3479 785 3541 Henr.
812 3477 1038 3564 Stephanum,
1065 3476 1122 3564 qui

70 3565 219 3631 eamdem
240 3565 437 3652 opinionem
453 3562 583 3648 primus
600 3560 770 3649 professus¹
790 3567 903 3627 eratin
922 3563 1123 3628 Schediasm.

71 3651 104 3726 4,
120 3654 150 3713 6.
194 3651 308 3734 Neque
330 3649 423 3713 aliter
439 3659 612 3712 senserunt
626 3648 921 3712 Drakenborchius
945 3649 984 3712 ad
1006 3649 1076 3712 Liv.
1093 3655 1123 3725 1,

74 3740 126 3815 10,
145 3739 175 3797 6.
199 3747 231 3798 et
249 3734 507 3821 Oudendorpius
532 3734 571 3797 ad
591 3733 683 3798 Caes.
710 3732 747 3799 B.
772 3735 847 3821 gall.
871 3739 905 3811 7,
927 3737 979 3799 85.
1023 3734 1126 3813 Quod

72 3842 153 3885 vero
176 3831 290 3905 poetae
308 3843 365 3887 sua
380 3821 511 3885 lieentia
527 3822 682 3884 dixerunt.
695 3820 798 3909 sinque
822 3820 945 3899 uicem,
968 3820 1044 3882 huic
1069 3842 1125 3881 ar·
1146 3875 1149 3881 .

72 3916 233 3993 gumento
260 3904 471 3971 Burmannus
495 3905 640 3972 altered
664 3906 728 3978 Pro
756 3917 815 3969 ert.
841 3911 872 3985 3,
895 3911 949 3986 23,
974 3907 1027 3968 35.
1060 3906 1128 3966 vim

73 3991 190 4054 tribuit
207 3991 391 4073 maiorem,
414 4014 514 4079 quam
527 4001 694 4081 parerat.
721 4055 724 4060 ,
767 3988 944 4056 ecentiores
961 3989 1129 4075 gramma·

73 4077 374 4228 ticifipmpositam
388 4077 537 4145 formam
559 4074 866 4166 pistelerri'uebere
888 4075 1129 4140 existimarunt.
