2632 4770
232 246 298 309 608
345 236 649 309 nrxlnornun
678 236 958 307 MEHERCVOE.
985 238 1171 308 MINIME.

287 441 291 451 ·
314 400 347 461 2
369 394 464 475 Ques
486 392 585 459 verbu
609 414 686 459 eum
706 414 917 479 magnopere
934 394 1114 483 praecipue
1137 418 1179 461 sc
1200 418 1276 484 pro-

234 480 306 628 prie
322 480 476 578 coniungi
492 481 654 561 diximus,
675 501 713 544 en
727 484 825 543 etism
843 479 1047 579 weorduut
1064 502 1144 545 cum
1163 482 1277 549 sdver-

230 564 517 738 8ἆζοι,ἰιίιὶιοιίιιιιτῐιιιῑιιο.
560 566 646 629 Sunt
659 586 715 645 eu,
737 584 819 650 quue
834 584 937 631 ιιιιιιιι
954 586 1057 653 opere
1081 577 1117 631 et
1140 567 1276 635 effectur

330 770 389 823 cic.
412 769 445 822 sd
459 767 536 820 Pam.
552 766 596 833 lb,
610 765 654 831 26,
668 764 695 819 d.
719 768 885 837 quamnim
906 768 931 820 si
944 768 1008 838 quiri
1026 769 1115 839 operis
1133 772 1191 824 tibi
1203 773 1275 826 etin

295 872 364 906 suno
378 860 479 916 restet,
496 853 526 904 iri
545 853 718 922 maximopere
739 869 824 903 museo
841 854 1049 923 persequentem.
1083 854 1112 920 δ,
1125 855 1156 921 2,
1170 856 1200 909 3.
1220 864 1276 910 ote

294 938 462 1006 maximopere
475 954 524 1005 pro
540 945 627 991 mre
645 953 746 990 ma
763 936 942 991 mutuantem
957 964 994 977 -··
1007 938 1087 993 otio·
1103 949 1188 1010 utque
1201 943 1274 994 etin·

295 1038 389 1090 queem
405 1028 431 1072 et
442 1029 508 1089 peto.
871 1042 877 1051 ·

330 1120 390 1175 biv.
404 1120 448 1186 42,
463 1118 506 1187 it,
521 1120 547 1174 8.
563 1122 733 1191 num-opere
753 1122 861 1193 indigue
876 1126 1007 1191 lmine,
1027 1140 1079 1173 uon
1096 1122 1190 1177 lutum
1213 1125 1274 1177 rte

293 1208 363 1260 eneis
376 1206 457 1275 opem.
490 1206 522 1258 lu
536 1207 581 1259 bis
598 1206 707 1274 indigue
724 1206 798 1273 serre
814 1222 864 1275 pro
882 1222 938 1258 uno
953 1206 1039 1258 verbo
1057 1206 1165 1261 baberi
1187 1208 1274 1275 debet,

293 1306 328 1343 no
342 1293 513 1361 maximopere
528 1290 563 1343 sd
577 1287 738 1343 adverbium
752 1288 906 1360 appositum
921 1289 1099 1343 existimetur.

328 1394 359 1446 ln
379 1392 477 1447 ceteris
497 1391 577 1445 libris
596 1390 735 1445 Ciceronis
756 1398 784 1445 et
807 1391 900 1447 Taciti
921 1398 951 1449 et
971 1391 1116 1462 utriusque
1139 1391 1232 1446 Plinii
1251 1398 1275 1447 et

292 1478 457 1546 Quintiliani
469 1478 572 1531 frustm
588 1475 712 1545 quaesivi
732 1477 866 1548 exemplu.

496 1642 990 1733 MEHERCVLE.

306 1813 388 1875 Vide
409 1829 578 1879 usnemu.
619 1812 715 1875 Nunc
740 1833 844 1875 unum
863 1809 928 1874 boo
951 1807 1055 1890 oddo,
1081 1832 1159 1890 me,
1182 1814 1270 1899 quod

222 1896 405 1983 praefixum
422 1910 488 1968 est,
509 1919 578 1961 non
596 1896 683 1960 uliud
702 1918 787 1970 esse,
809 1916 907 1978 quum
926 1894 1016 1979 quod
1031 1896 1067 1961 in
1089 1909 1163 1962 met
1188 1922 1270 1985 pro-

223 1984 416 2046 nominibus
439 1983 604 2062 ndiieitur,
634 1993 664 2044 et
685 1992 721 2043 ut
740 1981 902 2045 Lembino
928 1978 1030 2043 visum
1054 1992 1146 2059 eret,
1170 1980 1290 2049 etium-¹

220 2068 446 2153 praeponitur.
499 2065 579 2131 Vide
603 2065 642 2128 ud
667 2067 734 2130 Cic.
754 2066 852 2129 dcud.
875 2069 987 2144 2,16,
1004 2068 1057 2129 51.
1100 2066 1165 2130 Est
1190 2090 1266 2134 vero

221 2152 318 2229 med,
342 2152 491 2238 oppositu
511 2151 617 2214 littere
643 2147 752 2225 finali,
774 2151 815 2215 de
837 2172 900 2235 qun
920 2169 1016 2235 saepe
1039 2153 1105 2214 ium
1131 2152 1262 2239 loquuti

221 2255 346 2300 sumus.
396 2237 510 2321 Neque
532 2257 610 2301 vero
638 2236 749 2335 inepta
782 2235 911 2300 videtur
940 2256 1056 2298 eorum
1087 2241 1264 2318 sententis,

222 2319 278 2404 qui
293 2343 347 2385 me
362 2329 394 2383 et
409 2332 443 2385 te
460 2343 500 2385 ex
525 2321 637 2387 eudem
660 2330 763 2408 stirpe
785 2343 853 2386 esse
874 2330 1063 2406 generatum
1091 2324 1266 2388 existimu-

220 2403 319 2483 bont,
349 2426 431 2489 quse
455 2406 707 2493 pronominibus
732 2409 891 2505 originem
918 2405 1016 2469 dedit.
1065 2406 1265 2474 blirsbiliter

220 2500 330 2555 sutem
345 2489 469 2555 fallitur
486 2492 694 2578 Hurtungius,
713 2491 770 2577 qui
787 2515 821 2556 ιιι
837 2490 922 2555 libro
938 2490 977 2553 de
987 2490 1125 2554 (lusibus
1144 2514 1179 2579 p.
1194 2499 1263 2560 122.

100 2574 104 2581 ’
194 2574 315 2657 dicit,
346 2577 416 2641 tin
440 2588 509 2640 met
532 2599 601 2642 esse
625 2577 763 2645 alterum
788 2574 978 2663 pronomen
1008 2577 1201 2643 enclitieum
1232 2591 1263 2644 te

220 2680 295 2723 cum
320 2684 373 2723 me
404 2663 640 2748 compositum.
691 2661 815 2740 Quidni
846 2670 1044 2741 statuemus,
1079 2672 1118 2725 nt
1151 2665 1262 2729 omniu

216 2747 279 2811 triu
292 2748 493 2833 pronomina
501 2747 618 2824 adsint,
635 2769 731 2813 eesse
744 2749 856 2813 tertiae
866 2746 1261 2836 personse'pronomen'?

582 2944 884 3031 MINIME.

296 3110 331 3176 In
350 3114 534 3199 linguarum
552 3133 612 3178 usu
628 3112 793 3176 interdum
816 3110 940 3175 fuctum
963 3122 1029 3192 est,
1047 3122 1086 3177 ut
1110 3119 1258 3203 scripto·

213 3217 265 3260 res
291 3200 432 3286 antiquis
456 3201 521 3264 iam
546 3198 750 3285 temporibus
776 3196 1046 3284 significationem
1073 3201 1258 3267 vocabulo-

211 3303 306 3361 rum,
336 3307 417 3370 qune
440 3287 574 3371 propria
599 3294 630 3346 et
652 3284 807 3369 primaria
829 3293 914 3359 erut,
945 3282 1195 3368 relinquerent,
1223 3297 1254 3349 et

211 3369 363 3432 translatu
380 3372 516 3434 notione
532 3371 633 3456 mugis
651 3379 682 3430 et
724 3369 787 3431 rius
803 3378 984 3447 uterentur,
1005 3389 1104 3452 quum
1123 3370 1167 3435 ud
1185 3373 1251 3457 pri·

210 3451 360 3517 mitivum
384 3477 477 3519 usum
498 3455 650 3520 redirent.
692 3391 730 3518 id
754 3464 863 3539 potest
888 3453 1041 3539 exemplo
1065 3455 1162 3519 verbi
1183 3455 1245 3516 mi-

210 3535 301 3599 nime
318 3538 558 3622 demonstrari,
583 3537 672 3626 quod
697 3560 799 3624 quum
822 3537 987 3624 duplicem
1004 3537 1125 3603 hebent
1146 3538 1245 3623 signi·

208 3616 415 3702 ficationem,
445 3626 578 3690 alterum
611 3646 672 3710 qun
696 3647 766 3687 non
790 3623 878 3687 tollit
904 3645 994 3701 rem,
1020 3623 1078 3687 sed
1105 3625 1249 3689 maxime

209 3702 360 3793 exiguom
377 3719 408 3771 et
424 3712 576 3792 omnibus
592 3711 754 3774 minorem
779 3709 917 3785 indicet,
942 3709 1075 3773 alterum
1099 3731 1167 3856 qus
1192 3732 1250 3775 ne-

208 3801 262 3887 get
285 3813 356 3854 rem
380 3815 516 3879 eumque
545 3796 667 3872 reiicit,
695 3795 796 3874 baec,
819 3816 901 3879 quse
932 3804 1000 3858 erst
1026 3816 1068 3857 ex
1092 3794 1148 3859 ilu
1172 3805 1248 3858 nutu

206 3875 346 3962 ideoque
365 3882 545 3959 recentior,
569 3881 607 3943 sb
633 3880 883 3966 antiquissimis.
908 3880 963 3965 qui
984 3878 1081 3943 nobis
1106 3889 1246 3960 exstent,

205 3962 420 4048 scriptoribus
451 3965 515 4028 iem
547 3974 702 4052 usurpata
733 3975 791 4028 est.
841 3965 926 4031 Num
948 3964 1078 4041 locum,
1109 3964 1146 4028 in
1178 3985 1246 4051 quo

205 4047 346 4114 minime
361 4049 495 4115 reddere
512 4048 629 4115 debens
652 4050 701 4115 im
713 4049 917 4136 geriugsten
940 4048 1078 4130 Graue,
1092 4065 1162 4125 'nm
1178 4071 1248 4117 we·
