2632 4770
555 237 758 308 uvervu.
1096 203 1180 307 'oei

130 400 229 493 quod
256 397 376 473 valde,
405 392 624 459 cebenwuter.
675 392 848 479 Partioipie
877 403 986 459 nutem
1013 391 1191 459 interdum'

126 485 262 553 'verbali
279 485 310 550 vi
324 480 452 562 velent,
476 488 514 544 ut
530 477 676 542 muttum
689 477 816 551 dicetur
831 500 895 566 pro
911 479 982 544 din.

239 586 332 639 Plent.
347 580 435 635 Stich.
456 579 483 644 1,
498 576 525 642 3,
540 576 583 630 tt.
605 580 650 648 qui
670 587 700 634 nt
718 582 830 635 multam
853 582 940 634 miseri
958 588 1033 641 eunt,
1059 580 1182 643 luberent,

205 671 272 723 nibil
292 684 387 722 macer.
422 663 484 718 Aul.
500 661 611 729 2,1,5.
635 681 700 716 num
721 665 831 719 multum
852 667 969 736 bonore·
989 665 1078 718 merita
1098 680 1184 717 omnes

208 755 341 806 habentur.
375 748 475 800 floret.
492 746 551 799 Sat.
565 745 592 810 2,
606 745 633 812 3,
650 745 710 801 147.
728 748 796 801 bunc
809 750 922 803 medicus
934 751 1043 802 nubum
1059 749 1125 801 ceter
1139 755 1183 800 ut-

204 853 253 905 que
260 833 352 902 ficietis
371 830 465 883 ecutae
491 830 540 882 boc
559 836 646 899 paeto.
677 829 764 898 Epist.
779 831 806 895 1,
820 832 864 897 lu,
877 833 904 885 3.
925 824 977 887 bac
989 835 1018 886 io
1036 850 1066 884 re
1086 830 1184 885 scilieet

123 906 126 913 ¹
204 936 258 972 noa
273 915 385 968 multura
406 913 551 967 Mutia.
585 913 643 967 Set.
660 912 728 979 25,
742 911 787 966 92.
806 915 877 968 l’lin.
891 916 977 987 Epist
990 917 1016 982 1,
1032 916 1058 981 9,
1072 911 1099 968 t.
1116 915 1184 968 nut-

206 1009 262 1053 cccc
277 998 376 1067 inemec
392 997 495 1051 laborer
509 1024 545 1037 -
564 998 684 1066 reliaqoe.
720 998 796 1051 blele
816 998 924 1054 cortine
945 1000 981 1056 erl
995 1000 1107 1056 Sallust.
1121 999 1183 1067 lug.

206 1085 234 1150 1,
248 1079 276 1135 b.
292 1083 362 1135 heee
377 1080 573 1151 interpretetur
585 1098 662 1151 coepe
675 1082 784 1151 ineptos.

240 1168 339 1221 lieret.
355 1156 441 1235 Epocl.
457 1164 500 1232 11,
518 1164 562 1220 29.
578 1173 669 1220 onata
685 1166 774 1221 nentis
787 1168 897 1241 multon
909 1177 934 1222 et
947 1170 1116 1222 institoribus.
1168 1194 1169 1197 ¹

124 1272 127 1277 ·
239 1252 340 1307 lieret.
355 1250 413 1304 Set.
429 1250 456 1317 2,
472 1248 499 1316 5,
514 1247 557 1306 ur.
572 1251 682 1306 muttum
694 1250 794 1305 Nasica
807 1244 918 1322 aegates
937 1255 1045 1325 accipiet
1067 1253 1182 1317 tendens.
1208 1240 1211 1251 ¹

206 1334 264 1390 ie.
284 1333 341 1390 dic.
562 1344 569 1368 ‘

223 1441 257 1503 4.
278 1440 329 1503 An
346 1438 445 1503 etiarn
462 1457 539 1503 cum
558 1434 719 1503 adverbiis
737 1436 920 1501 consociari
936 1435 1094 1536 poluerit,
1117 1456 1185 1499 non

96 1578 99 1583 ,
142 1523 221 1589 sutis
237 1533 367 1589 constet
383 1524 551 1610 exemplis.
593 1523 689 1609 Apud
710 1522 892 1589 Liviumet
904 1522 1046 1587 Plrnium
1067 1519 1186 1606 legitur

131 1609 287 1674 'multum
305 1604 420 1697 infra,
444 1610 531 1696 apud
544 1608 698 1675 Taciturn
714 1607 861 1674 omitum
872 1619 964 1696 poet.
1007 1605 1068 1671 Est
1084 1606 1185 1692 igitur

143 1716 207 1782 pro
223 1694 331 1760 multe
352 1694 486 1761 dictum.

244 1793 343 1859 Isiub,
360 1793 404 1860 31,
419 1792 446 1847 2.
465 1794 538 1847 bonci
551 1796 662 1847 multene
676 1794 827 1863 insonum
843 1792 961 1846 Tiberino
973 1810 1051 1846 omne
1061 1794 1185 1847 miscetur.

211 1882 284 1935 Plio.
301 1879 374 1933 llist.
393 1895 419 1931 n.
434 1877 461 1942 9,
478 1875 504 1941 8,
520 1874 546 1929 7.
569 1880 622 1933 oiri
643 1880 751 1933 nubum
772 1879 846 1948 infru
865 1884 976 1930 rourum
999 1894 1027 1930 or
1050 1878 1090 1930 illi
1105 1883 1185 1945 seret.

211 1964 303 2020 Tacit.
318 1965 388 2017 hun.
403 1959 431 2027 b,
447 1959 473 2016 3
492 1963 565 2015 tect
579 1963 649 2016 enine
665 1963 777 2016 multem
789 1969 851 2033 poet
864 1968 967 2014 ornum
988 1962 1043 2015 ciue
1065 1964 1187 2016 recitatae

210 2057 276 2105 eant.
311 2047 391 2116 Apud
408 2044 465 2099 cte.
479 2044 567 2115 Epist.
582 2045 619 2100 tul
633 2046 713 2101 Fam.
727 2046 755 2113 3,
769 2047 813 2112 11,
826 2046 853 2100 2.
873 2045 1019 2100 admodum
1039 2045 1123 2100 elohin
1145 2053 1187 2101 est

213 2135 285 2187 heec
300 2131 451 2200 scripturn:
469 2131 502 2184 cie
517 2148 570 2200 eon
582 2132 632 2185 etei
641 2131 798 2202 permultum
813 2137 875 2185 ante
896 2131 991 2184 certior
1005 2133 1097 2197 fuctus
1116 2148 1187 2185 erum
1274 2151 1279 2163 ·

92 2274 96 2297 Ζ
150 2216 153 2221 '
210 2219 319 2283 urcem,
336 2208 445 2269 anntic'e.
479 2212 627 2269 hnmhinue
649 2214 813 2287 etMertyni
831 2215 1139 2287 eiidernotpcrraultc,
1156 2223 1188 2272 ut
1276 2285 1280 2295 Β

213 2301 341 2365 ridetur,
357 2315 412 2353 non
429 2299 464 2352 cle
477 2298 643 2353 coniectura.
1136 2300 1139 2306 '

115 2426 118 2433 ·
144 2436 147 2441 ·
231 2403 263 2487 5.
285 2403 351 2466 Pro
366 2400 489 2476 molto,
512 2399 603 2486 quod
626 2399 777 2466 adiicitur
799 2401 1049 2489 comparativis,
1073 2414 1188 2493 poetae

148 2498 183 2555 et
204 2488 272 2553 enti
298 2487 330 2550 ui
347 2496 379 2551 et
400 2486 598 2552 recentiores
621 2487 717 2550 etiam
743 2484 886 2549 multum
906 2486 1069 2551 dixerunt.
1112 2489 1187 2553 vid.

148 2510 407 2660 Oudeniorpius
425 2571 671 2637 etBurrncnnus
687 2571 859 2638 etCortius
877 2570 917 2635 ad
929 2573 1051 2636 Lucan.
1067 2577 1098 2650 2,
1115 2575 1187 2638 225.

146 2658 329 2724 Burmann.
353 2657 394 2723 ad
410 2655 548 2722 Pheedr.
564 2660 596 2731 8,
616 2663 667 2739 10,
681 2659 713 2723 5.
742 2655 782 2721 ed
804 2655 899 2723 ovid.
913 2656 1048 2722 Heroid.
1068 2662 1118 2733 18,
1134 2660 1197 2723 71.

149 2744 237 2808 Cum
253 2742 451 2831 superlativo
466 2742 678 2808 coniunctum
695 2741 781 2829 npud
796 2762 899 2807 unum
911 2743 1064 2807 Gratium
1077 2745 1189 2810 inveni

150 2830 276 2917 Cyneg.
295 2833 368 2893 198.
388 2839 501 2892 mater
517 2826 656 2894 odorati
666 2827 896 2915 pulcherrima
914 2828 1012 2909 turis.

251 2929 341 2983 Plan
355 2930 436 2983 bloet.
449 2926 477 2995 3,
492 2927 519 2992 2,
536 2927 596 2982 139.
614 2930 678 2998 quin
689 2930 800 2982 multem
819 2929 986 2999 improbiores
1002 2936 1062 2983 eunt
1077 2948 1155 2998 quam
1169 2948 1188 2984 a

140 3068 144 3075 ,
212 3013 299 3085 princ
312 3004 420 3068 credidi.
454 3013 578 3066 luvenel.
593 3012 636 3078 lu,
652 3010 710 3066 191.
726 3014 838 3067 acuam
852 3014 894 3067 hio
911 3015 1038 3067 robustior
1052 3016 1106 3067 illo.
1139 3016 1187 3068 ubi

218 3094 337 3166 quinque
351 3098 428 3150 coclrl.
441 3099 529 3152 multa.
564 3096 645 3151 stetit
659 3096 748 3151 Theb.
765 3094 792 3162 3,
811 3094 872 3149 tol.
889 3101 996 3151 mettum
1008 3101 1115 3166 felicior
1128 3103 1188 3155 ecit.

213 3179 241 3247 9,
256 3178 318 3234 beu.
333 3183 490 3250 multumque
503 3183 563 3236 aliie
579 3182 720 3236 iactantior
735 3181 843 3236 umbris.
877 3180 938 3233 Alis
953 3182 1067 3252 collegit
1080 3183 1190 3238 (lortius

217 3264 253 3319 etl
266 3264 368 3318 hnceu.
381 3263 408 3330 2,
421 3263 482 3318 225.
501 3264 551 3319 sir.
565 3263 608 3330 13,
622 3262 796 3321 'tilt‘mactia
803 3272 880 3336 sactu
900 3268 1009 3320 nultum
1026 3285 1078 3321 nne
1092 3271 1190 3324 saniore

216 3349 280 3401 ciro.
317 3345 431 3415 Quintil.
452 3347 494 3412 lu,
510 3348 536 3413 1,
549 3347 593 3402 ut.
613 3351 723 3404 multum
745 3358 769 3405 et
791 3358 829 3404 est
845 3352 934 3404 tercia
954 3359 978 3402 et
998 3368 1079 3419 parus
1101 3356 1189 3425 mugio

218 3432 356 3486 Horatinr.
390 3429 456 3497 9,2,
480 3430 524 3485 68.
547 3434 657 3486 malim
678 3436 713 3488 ae
726 3436 858 3504 egendum
874 3435 1054 3503 difficiliorem.
1088 3436 1144 3490 sco
1161 3437 1188 3492 in

217 3513 262 3569 his
274 3515 341 3569 locis
358 3533 501 3570 consensus
517 3516 650 3570 librorum
665 3517 850 3572 desideratore
868 3516 897 3570 in
911 3524 1027 3587 utroque
1041 3520 1113 3575 enlm
1124 3523 1190 3576 boni

145 3614 148 3621 ·
217 3598 330 3670 quidem
347 3600 413 3652 libri
429 3599 560 3654 exhibent
573 3602 670 3665 nolte,
687 3604 759 3669 qnorl
772 3602 951 3656 Frotseherne
964 3603 1082 3660 debebat
1095 3607 1189 3661 delen-

218 3684 300 3749 dere,
325 3683 367 3738 uti
387 3685 495 3738 iecerat
513 3687 693 3739 Burmannus.
722 3687 840 3741 Verient
863 3687 926 3740 libri
947 3687 1028 3742 etiem
1053 3691 1080 3743 in
1098 3691 1189 3746 uncti

219 3766 303 3823 Trist.
317 3766 344 3836 b,
358 3769 402 3836 11,
418 3767 444 3821 2.
470 3769 519 3822 uhi
533 3770 681 3822 Burmuuu.
714 3771 756 3823 De
773 3772 834 3825 loco
853 3771 992 3826 Ciceronis
1006 3775 1070 3828 ride
1086 3794 1113 3828 n.
1129 3775 1154 3830 8.

234 3873 268 3932 6.
305 3870 390 3935 Cum
421 3871 528 3938 verbis
554 3872 768 3959 componitur
798 3872 838 3938 de
891 3896 1073 3962 uanumque
1097 3887 1188 3944 euctn

152 3952 340 4019 conditione
364 3977 428 4054 pro
446 3957 545 4023 valde
566 3957 634 4110 im·
650 3957 826 4023 Ruhnken.
842 3897 889 4024 eci
901 3961 1035 4027 Terent.
1060 3961 1137 4029 Hec.
1155 3970 1187 4042 3,

151 4037 283 4125 ⁵,1o.),
305 4040 363 4105 sed
383 4050 480 4107 ettam
504 4043 545 4110 de
585 4053 775 4133 requentnte
792 4066 829 4113 re
845 4056 879 4115 et
902 4046 944 4115 de
959 4058 1128 4136 ternpore,
1151 4060 1187 4115 ut
1271 4134 1274 4139 Ι
