2632 4770
169 265 272 332 *sao
642 252 839 320 mulcuu.
872 206 877 215 ⁴

212 423 255 487 Aa
270 427 344 482 ante
362 414 475 478 omnia
495 410 721 496 distinguenda
745 418 839 474 erant
857 408 983 474 diversa
1003 422 1088 473 usus
1102 420 1273 498 tempora.

213 505 299 569 Nam
325 499 550 584 antiquissimo
576 519 655 559 aevo
682 495 789 559 Latini
817 494 1121 560 dixerunteieem:
1155 509 1276 583 postea

218 587 415 654 addiderunt
436 586 473 649 ia
500 581 780 668 praepositionem
804 591 838 644 et
860 583 1062 668 scripserunt
1086 583 1123 646 ia
1147 584 1276 648 vicem.-

217 695 281 760 qua
298 666 441 735 dictione
458 673 506 731 usi
526 678 600 730 sunt
619 669 752 738 Caesar,
776 689 844 729 non
859 669 995 742 Cicero,
1021 691 1081 732 nec
1102 671 1276 755 antiquio-

217 783 279 826 res.
323 757 405 820 lude
432 753 554 818 factum
581 763 629 815 est
656 752 984 838 adverbiumsquod
1011 777 1051 818 en
1079 757 1170 840 prius
1203 777 1274 819 uno

143 837 146 843 ’
220 843 380 910 vocabulo
397 840 496 903 scribi
513 848 668 924 coeptum
685 839 746 914 sit,
770 858 868 923 quam
895 850 1019 903 mutata
1037 850 1120 902 esset
1141 840 1276 925 signifi-

221 933 325 1001 catio,
348 927 508 990 nonsatis
531 934 667 987 constat.
711 923 773 987 Sed
795 933 921 987 minata
946 923 1186 1012 significatione
1208 929 1276 990 ob-

219 1015 338 1078 solevit·
351 1011 516 1096 antiquior
535 1007 761 1087 cousuetudo,
786 1019 818 1072 et
834 1010 1012 1096 scriptores
1032 1009 1164 1074 infimae
1181 1024 1274 1076 aeta-

124 1106 126 1111 ’
219 1101 261 1165 tis
286 1119 407 1161 nomen
431 1095 574 1159 invicem
605 1093 799 1158 substantivi
825 1094 929 1158 instar
954 1118 1028 1159 eum
1053 1099 1277 1182 praepositio-

226 1184 324 1260 nibus
342 1166 604 1261 coniunxerunt,
629 1179 718 1246 velut
738 1177 957 1256 abinvicem,
983 1181 1201 1246 adinvicem.

308 1344 336 1402 1.
359 1336 505 1399 Primum
523 1335 622 1419 igitur
638 1333 761 1405 ricem,
788 1334 838 1398 vel
856 1334 1009 1400 adiuncto
1030 1336 1198 1420 genitivo,
1221 1338 1272 1402 vel

223 1424 334 1487 addito
355 1422 553 1505 pronomine
570 1420 618 1482 vel
637 1419 815 1496 adientium,
836 1420 1004 1484 dicebatur
1022 1445 1139 1506 graeco
1164 1446 1273 1503 more,

246 1532 286 1572 no
305 1511 503 1576 accusativus
520 1505 656 1568 modum
672 1506 738 1568 sive
758 1504 922 1570 medalem
935 1508 1094 1571 rationem
1114 1508 1272 1596 designat.

219 1593 377 1689 pinsdem
400 1591 528 1678 generis
555 1600 630 1652 sunt
650 1599 818 1678 magnam
837 1604 992 1676 partem,
1022 1604 1153 1672 cetera,
1189 1617 1273 1681 quae

169 1728 193 1758 .,
217 1702 288 1745 non
322 1680 392 1764 ipsa
425 1700 486 1764 pro
518 1676 657 1739 ablativo
691 1687 881 1763 ponuntur,
912 1677 967 1740 sed
992 1677 1043 1757 id,
1075 1679 1271 1764 quod,'alias

217 1760 683 1851 praepositionesignificatur,
694 1762 835 1847 simplici
845 1783 920 1826 casu
933 1763 1137 1849 exprimunt,
1151 1789 1273 1852 quam·

222 1872 322 1939 quum
339 1849 455 1933 ,eliqtra
478 1869 518 1911 ex
544 1860 636 1933 parte
663 1849 862 1912 conveniunt
889 1870 963 1911 cum
986 1848 1139 1913 ablativo.
1186 1856 1271 1916 Cum

220 1936 358 2002 nom-ine
380 1934 462 1998 eicis
486 1932 672 2018 comparari
695 1933 769 1996 licet
793 1934 1018 2019 germanicum
1044 1946 1149 2015 stata,
1171 1949 1270 2022 atque

91 2027 97 2033 ’
162 2065 164 2070 1
220 2023 326 2086 vicem
342 2029 373 2082 et
392 2018 462 2090 eice
484 2016 668 2102 significant
690 2017 727 2080 in
750 2017 823 2082 loco
848 2018 1010 2098 alterius,
1034 2021 1137 2085 stubi
1155 2045 1269 2087 caussa

219 2105 431 2191 intelligitur,
461 2103 598 2187 quaein
623 2101 755 2166 alterius
782 2103 858 2166 loco
889 2104 985 2168 nobis
1017 2107 1188 2191 agentibus
1221 2119 1270 2172 est

222 2191 312 2267 data,
331 2197 487 2274 propter,
512 2198 551 2250 ut
562 2198 659 2251 tufum
676 2188 780 2251 ricem
797 2189 838 2252 sit
854 2188 888 2252 id
906 2190 997 2276 quod
1012 2201 1073 2254 tua
1091 2215 1222 2258 euersae.

235 2317 246 2326 ⁴·
322 2309 415 2360 Plaut.
432 2308 509 2374 Capt.
526 2307 552 2371 2,
569 2307 595 2370 3,
610 2305 653 2359 37.
672 2315 700 2360 ut
714 2326 771 2360 curn
786 2310 898 2362 redimat
914 2319 939 2362 et
955 2300 1072 2362 remittat
1087 2301 1203 2365 nostrum
1217 2315 1269 2366 leae

286 2394 420 2444 amborum
434 2393 521 2443 uicem.
541 2383 689 2468 ¹ulrljcnul.
706 2391 888 2445 Lindemann..
919 2395 1001 2457 Trnc.
1017 2395 1081 2460 1‚2‚
1099 2394 1141 2449 56.
1160 2417 1226 2466 quae
1242 2403 1269 2452 r'a

227 2514 232 2548 5
283 2479 465 2544 catiliusque,
484 2495 516 2528 ea
534 2450 684 2550 emnia⁵tili
706 2479 786 2540 dieis,
806 2474 954 2543 usuarias,
979 2487 1005 2531 et
1022 2489 1140 2532 nestram
1162 2492 1188 2535 et
1208 2486 1266 2536 ille-

287 2577 347 2610 rum
370 2562 456 2612 uicem.
505 2561 616 2613 Sallust.
635 2559 704 2625 apud
723 2559 841 2612 Nonium
860 2562 886 2625 9,
902 2561 927 2614 5.
954 2567 1030 2616 ceteri
1049 2567 1128 2616 vicem
1145 2585 1267 2634 pecorum

284 2645 512 2696 obtruncabantur.
548 2644 605 2706 ltu,
624 2661 676 2694 non
691 2645 743 2695 eice
759 2645 920 2698 Sallustium
945 2649 1085 2716 scripsisse
1106 2649 1195 2716 ipsum
1211 2651 1265 2702 No-

283 2727 321 2780 uii
337 2735 510 2795 praeceptum
527 2728 615 2778 (locet.
648 2726 707 2778 niv.
728 2725 772 2791 44,
789 2727 814 2793 il,
830 2728 856 2781 5.
876 2749 963 2784 cerum
983 2736 1069 2797 vicem,
1093 2751 1154 2800 quos
1167 2753 1265 2802 paucos

258 2816 264 2839 l
283 2815 348 2865 iuter
364 2815 449 2865 mealia
464 2813 595 2881 piramidis
610 2812 723 2864 hostiurn
736 2815 924 2879 praemiserat,
943 2818 1051 2868 nuntias
1067 2845 1100 2856 —-
1119 2821 1239 2872 occurrit.

226 2929 227 2934 ’
316 2915 408 2969 Plaut.
431 2917 510 2968 Most.
532 2910 672 2976 5‚2‚24.
694 2917 759 2979 sae,
783 2932 833 2984 ego
851 2936 883 2968 ne
904 2926 1016 2969 metuam
1033 2920 1115 2986 igitur
1139 2928 1165 2972 et
1188 2931 1215 2974 ut
1235 2930 1264 2975 ta

193 3010 197 3019 ‘
224 3000 249 3027 ²
281 3018 364 3053 meam
379 3003 468 3053 timeae
482 2999 569 3050 cicun.
605 2997 661 3049 cie.
676 2998 710 3048 ml
727 2998 803 3051 Fam.
822 3000 919 3064 lucc,
934 2997 959 3053 6.
978 3002 1005 3052 in
1023 3009 1168 3068 quaterem
1185 3007 1262 3058 eicere

222 3098 225 3104 ·
259 3100 358 3152 ‘saepe
373 3085 453 3136 deleo.
487 3083 518 3147 1,
538 3081 571 3146 9,
590 3080 617 3133 6.
637 3089 751 3132 nestram
775 3084 855 3135 vicem
877 3085 946 3136 saltus
959 3073 1001 3137 ‘ert
1021 3088 1075 3155 ipre
1097 3093 1160 3138 sete.
1197 3088 1261 3141 tide

213 3208 218 3215 .
285 3168 408 3220 Curtium
424 3165 513 3231 etl-ll,
529 3165 570 3232 19,
586 3166 611 3219 2.
626 3164 652 3232 4,
669 3164 695 3231 5,
712 3164 739 3218 4.
758 3167 875 3227 anilitas
888 3170 968 3220 vicem
983 3171 1062 3222 deles.
1096 3170 1125 3223 in
1142 3173 1221 3225 Verr.
1237 3173 1262 3239 1,

280 3250 461 3313 44,113.nes
483 3253 506 3302 εἰ
520 3253 635 3304 alienam
650 3253 731 3303 uicem
750 3268 799 3321 pre
813 3257 910 3305 nestra
927 3254 1023 3306 iniuria
1043 3255 1200 3323 doleremus,
1220 3276 1261 3310 ee·

229 3394 234 3402 ¹
278 3335 475 3404 stigiamietiur
490 3337 516 3386 in
525 3342 586 3404 sere
602 3355 650 3388 nen
665 3343 728 3388 esset
742 3335 870 3388 relictura·
905 3335 965 3404 Lis.
981 3339 1024 3403 28,
1041 3337 1083 3403 19,
1100 3338 1141 3390 Π.
1167 3343 1201 3392 cll
1218 3359 1259 3393 ee-

278 3420 358 3470 lr'er'tis
372 3420 450 3471 uicem
467 3422 628 3488 imperatorie
644 3421 776 3472 militibus.
810 3419 837 3483 8,
852 3419 896 3486 35,
911 3423 936 3475 1.
961 3431 1090 3495 stupentes
1105 3426 1256 3476 trituraret

277 3512 352 3553 ruant
378 3503 433 3555 iarn
451 3507 531 3555 vicem
555 3507 642 3575 magis
665 3507 754 3557 anxias
777 3523 855 3573 quem
873 3507 944 3571 eins,
969 3500 1011 3558 rui
1029 3509 1151 3581 auxilium
1173 3508 1207 3557 eb
1230 3524 1255 3559 se

181 3629 183 3634 ,
273 3587 424 3652 petebatur,
450 3589 572 3640 liberavit
596 3609 669 3642 ancre
693 3593 937 3658 consenciapopatt
956 3593 1063 3643 romani.
1097 3588 1140 3654 28,
1162 3588 1207 3656 43,
1227 3591 1255 3642 9.

277 3669 345 3720 tide
371 3671 427 3723 eliu
449 3674 521 3741 apud
542 3676 662 3727 Gronov.
687 3675 721 3725 ael
746 3674 812 3741 1,9,
828 3673 870 3727 15.
892 3675 955 3726 ulti:
977 3685 1054 3743 quum
1077 3676 1150 3729 suem
1173 3678 1255 3729 vicem

131 3748 136 3756 ⁶
215 3767 218 3773 ·
265 3747 374 3819 sauctus
390 3759 477 3822 efficio
492 3759 535 3810 sit.
574 3776 575 3782 ¹

212 3931 216 3940 ,
286 3892 316 3951 2.
337 3890 424 3954 Haec
443 3891 489 3953 ex‘
505 3892 740 3976 antiquissima·
758 3895 1004 3960 consuetudine.
1048 3897 1166 3962 Postea
1193 3900 1253 3963 ed-

199 3969 352 4056 diderunt
376 3975 414 4038 in
437 3978 739 4074 praepositionem,
772 3980 839 4049 sive
864 3983 1110 4069 perspicuitatis
1135 4006 1251 4050 caussa

192 4057 268 4125 sire
286 4059 331 4124 ob·
350 4059 627 4148 significationem
653 4061 826 4150 disprsem.
870 4067 957 4132 Nam
984 4068 1156 4146 dicebatur
1177 4092 1249 4136 non
