2632 4770
383 234 386 239 ’
474 277 748 346 rouunmuu.
974 250 976 255 ’
1027 272 1029 282 '
1090 289 1154 355 nr

140 478 144 483 .
152 433 267 509 fuerim.
284 432 304 488 it
320 447 346 486 e.
362 426 398 487 ue
415 432 568 520 intermitte
581 433 718 504 cogitare.
753 434 914 506 Trin.'1‚'2,
930 437 991 495 119.
1011 447 1036 495 et
1052 459 1147 513 quaem

135 518 489 591 Ι,ίιίσπίίᾶωη-,οἰνοιιηιφίσα
1065 554 1068 561 ν
1131 510 1133 519 ,
1240 520 1243 525 ⁸

132 616 137 629 ⁶
172 629 206 690 8.
233 623 321 687 Hinc
346 621 505 709 exprimit
525 642 592 706 per
613 632 721 685 totum
736 634 886 710 temptm,
909 648 1057 715 semper.-
1079 631 1148 694 im-

114 705 356 781 mucrene,
380 717 411 771 et
428 706 468 771 dc
484 708 720 772 cousuetudine
743 711 941 797 sempiterna
964 727 1148 801 usurpatur.

114 794 262 883 uprimie
282 791 456 856 adhibetur
473 794 513 856 od
531 792 628 855 verbu
642 795 817 869 crescendi,
841 798 998 882 augendi,
1022 801 1137 886 ampli«
1246 812 1251 819 ’

114 878 221 952 cnudi.
264 877 308 942 Et
323 877 365 941 de
381 877 618 941 cousuetudine
635 879 770 963 quidum
785 880 829 945 ita
845 880 967 962 dicunt,
987 895 1023 948 ut
1040 887 1141 950 intel-

114 987 246 1057 gemus,
264 964 534 1051 quotiescumque
553 961 635 1026 illud
646 962 712 1046 fiat,
727 966 823 1030 toties
832 964 897 1031 hoe
913 991 1047 1056 quoque
1061 970 1145 1038 fieri.

194 1082 258 1138 laiv'.
274 1082 302 1147 5,
314 1082 359 1148 89,
371 1081 398 1136 6.
417 1099 492 1135 omne
508 1083 537 1134 id
550 1088 650 1151 tempus
665 1100 796 1152 cuepeneoe
807 1087 845 1138 ita
858 1091 942 1140 tenuit
950 1091 1049 1144 animm
1070 1109 1149 1163 mque

156 1172 197 1231 αὖ
212 1171 296 1223 iucem
311 1171 445 1232 atterum,
462 1168 649 1220 ntidentidem
662 1168 719 1219 inm
733 1167 762 1219 in
784 1170 872 1222 urbem
886 1176 998 1238 futurus
1019 1176 1149 1230 uideretur

157 1257 274 1325 impetur
287 1255 371 1322 primo
386 1253 515 1315 aduentu,
533 1268 583 1318 quo
598 1259 757 1304 accesserunt
775 1254 812 1305 ud
835 1255 931 1307 urbem.
966 1257 1041 1311 Curt.
1057 1257 1089 1324 4,
1104 1259 1147 1327 15,

158 1339 205 1394 ὃ.
222 1339 393 1392 exaudiebunt
407 1343 494 1388 tumen
514 1335 635 1403 strepitur
655 1337 838 1401 habenarum,
855 1340 943 1408 quidne
965 1342 1023 1409 eqni
1044 1360 1147 1398 currum

159 1421 280 1479 cedentes
297 1421 437 1474 identidem
452 1417 656 1473 verberabuntur.
691 1417 803 1474 Sueten.
818 1420 889 1491 Aug.
902 1420 945 1474 28.
965 1441 1044 1490 quem
1058 1429 1147 1480 nolun-

160 1514 244 1563 tatem
262 1523 341 1574 quum
353 1521 418 1574 prae
431 1519 457 1556 ee
473 1503 611 1557 identidem
618 1507 715 1572 ferret,
731 1508 841 1574 quodum
855 1507 933 1560 etium
946 1508 1028 1562 edicto
1041 1511 1148 1567 diener.-
1163 1525 1165 1529 ⁴

153 1590 208 1669 ,tir
225 1596 337 1644 tectetue
351 1595 397 1658 eet.
679 1603 680 1606 ’

195 1693 255 1745 cic.
274 1710 302 1762 p.
327 1693 409 1744 Rosc.
430 1688 491 1743 Am.
512 1685 557 1756 39,
577 1685 620 1743 84.
647 1691 679 1744 In
704 1690 809 1745 Curtius
829 1692 872 1745 itte
897 1718 931 1732 -
957 1692 1096 1749 identidem
1119 1698 1146 1749 in

161 1779 263 1833 ccuecie
285 1791 408 1845 quaerere
425 1774 537 1838 colebat,
555 1775 601 1829 cui
616 1776 681 1827 bono
690 1775 795 1842 suimet.
826 1773 898 1828 Ptin.
918 1774 1007 1844 Epist.
1030 1777 1056 1844 9,
1076 1778 1102 1845 6,
1118 1779 1144 1834 2.

163 1881 215 1933 quo
228 1860 318 1930 mogie
332 1857 421 1922 miror,
437 1865 478 1912 tot
494 1858 579 1913 mittin
591 1859 706 1911 uirorum
719 1867 776 1912 tum
787 1862 920 1929 pueriliter
937 1862 1076 1918 identidem
1098 1884 1145 1922 cu·

161 1963 225 2019 pere
238 1951 368 1997 eumentes
379 1942 473 2010 'equce‚
490 1943 633 2024 innittentee
651 1943 768 1996 curribus
783 1945 896 1998 domines
910 1946 1004 1999 uidere.

196 2046 274 2101 curt.
291 2045 318 2110 9,
333 2044 359 2110 9,
376 2044 419 2098 lo.
435 2044 754 2098 identidem‘intumeeeere
769 2063 840 2101 mure
855 2055 879 2100 et
892 2047 922 2099 in
937 2064 1042 2116 cumpoe
1054 2052 1146 2119 punite
1208 2106 1211 2112 ,

163 2141 225 2187 ente
239 2133 318 2219 cicccc
335 2131 484 2185 descendere
504 2131 677 2200 supersumu-
690 2129 718 2183 h.
734 2146 759 2187 e.
777 2132 955 2199 scrtdauernd
977 2133 1081 2187 ectewott
1095 2135 1146 2190 duc

161 2219 238 2274 Meet·
252 2235 297 2270 un.

200 2319 279 2375 Curi.
295 2316 322 2382 9,
337 2313 365 2384 4,
382 2317 425 2372 18.
443 2317 515 2371 nerii
529 2316 666 2370 idmtidem
682 2313 765 2368 nrmie
779 2333 857 2368 noum
868 2317 952 2371 docter
967 2318 1090 2374 ereietere.

182 2426 217 2496 4.
241 2428 358 2515 Neque
374 2426 485 2505 aliter,
512 2424 643 2522 quaudo
668 2423 740 2522 quis
761 2424 796 2488 iu
819 2424 927 2513 ulique
950 2449 987 2494 re
1010 2450 1146 2516 permu-

114 2535 200 2595 tem,
225 2536 296 2603 ¹nou
316 2519 633 2596 mutntnsentent1c‚
656 2508 786 2574 dicitur.

203 2633 268 2689 Isiu.
280 2613 316 2699 ι1,
332 2631 415 2698 54,1.
434 2632 496 2684 inde
510 2630 539 2682 in
555 2630 663 2683 concilia
673 2628 781 2699 publicu
794 2627 912 2681 adhiberi
918 2648 928 2681 .·
946 2630 1006 2696 ubi,
1023 2648 1102 2699 quum
1118 2635 1151 2687 de

128 2780 132 2785 ,
167 2722 233 2777 ciiii
245 2722 321 2772 reiut
334 2718 500 2770 assentirem
523 2714 648 2769 ueteriiue
671 2713 781 2767 Geticis
803 2711 899 2768 diceret
917 2732 968 2778 ···-,
984 2715 1038 2785 ipse
1056 2717 1151 2771 identi.

167 2807 229 2860 dem
242 2804 302 2858 tetta·
314 2810 406 2857 auctor
419 2817 480 2854 ecee.

186 2915 221 2981 5.
242 2911 399 2977 Peculiari
415 2908 518 2981 modo
533 2909 750 2997 componitur
766 2898 968 2972 cum'verbis
987 2920 1150 2994 repetere,

114 3000 290 3077 revolvere,
314 2997 454 3076 reuerti,
477 3006 510 3060 et
530 3003 709 3082 quaesunt
730 2993 827 3059 huius
849 2992 986 3078 generis.
1027 2993 1152 3060 Reddi—

114 3106 178 3153 uue
191 3087 316 3152 immer
332 3081 471 3148 wieder.
1232 3096 1235 3101 ·
1257 3104 1259 3111 =

209 3203 269 3258 cie.
287 3203 322 3257 ud
336 3202 392 3255 Au.
408 3199 451 3264 13,
462 3197 506 3252 26.
526 3202 612 3268 itaque
627 3201 744 3253 revolvor
757 3196 899 3250 identidem
916 3196 944 3248 in
968 3195 1153 3251 {montanum
1267 3232 1273 3251 .
1292 3228 1296 3247 .

172 3289 193 3344 i.
208 3305 232 3341 e.
252 3289 296 3340 teu
312 3288 410 3339 tumme
426 3286 519 3339 immer
540 3285 634 3337 wieder
653 3287 706 3350 auf
719 3284 767 3335 due
792 3282 866 3334 diem.
890 3280 980 3333 ecrite.
1015 3281 1098 3334 Rhet.
1118 3278 1153 3333 ed

171 3376 297 3428 Herenn.
311 3371 337 3436 2,
353 3368 395 3434 18,
417 3368 459 3422 27.
478 3371 541 3422 haec
555 3369 621 3421 enim
636 3385 676 3420 ree
687 3369 774 3433 sarit,
794 3372 822 3417 nt
845 3382 926 3433 neque
947 3365 1059 3429 diutine,
1075 3382 1153 3434 quum

172 3458 241 3510 cotie
256 3458 306 3518 cit,
325 3456 355 3506 in
372 3453 462 3505 iisdem
478 3453 539 3504 locis
553 3468 743 3516 commoremur,
760 3466 839 3516 neque
853 3450 937 3501 ecdem
955 3450 1095 3502 identidem
1111 3467 1153 3503 re-

174 3542 319 3594 ooioumur.
353 3537 426 3590 Plin.
443 3533 531 3602 Epiri.
545 3531 571 3599 9,
585 3533 629 3588 49.
653 3537 718 3600 illu,
742 3550 807 3603 quae
829 3533 939 3596 dictaei,
961 3534 1099 3585 identidem
1111 3550 1154 3585 re-

175 3632 339 3679 tractentur.
355 3621 380 3686 9,
398 3620 440 3685 31,
458 3619 484 3672 1.
504 3619 559 3688 tegi
569 3619 638 3670 enim
653 3620 745 3670 tibrum
756 3625 829 3672 tuum
843 3617 983 3671 identidem
995 3624 1107 3686 repetem
1122 3632 1155 3670 eu

163 3710 306 3772 monime,
323 3734 359 3746 -
374 3721 439 3774 quae
456 3705 489 3756 de
503 3718 543 3755 me
558 3702 691 3772 scripsisti.

195 3821 227 3883 6.
255 3814 448 3881 Notandum
466 3813 565 3876 etiam
589 3821 655 3894 est,
679 3810 853 3900 quomodo
867 3828 943 3874 cum
964 3807 1156 3874 nominibus

114 3902 231 3967 omniu
249 3911 282 3966 et
297 3900 407 3967 multo
427 3899 662 3986 coqiuugctur‚
686 3909 722 3963 ut
740 3895 954 3986 significetur,
976 3893 1058 3959 nihil
1078 3915 1157 3957 um-

114 4009 214 4074 quam
242 4010 311 4051 esse
340 3994 535 4071 exceptum.
557 3995 613 4050 cut
634 3983 786 4051 omuibus
812 3983 865 4052 vel
886 3982 997 4047 multis
1021 4001 1089 4046 esse
1111 3977 1157 4056 id,

114 4072 358 4160 quoddicitur,
383 4090 572 4137 commune.

156 4155 215 4224 111.
878 4154 918 4216 12
952 4146 955 4151 ’
