2632 4770
130 150 172 292 aa
444 270 456 283 .
499 192 633 279 nune.
673 210 789 279 nem.

53 408 61 431 ι
127 375 236 444 Etiam
251 370 393 456 Scaliger
409 368 444 433 in
463 367 550 434 notis
573 366 615 433 ad
637 366 780 432 Varrcn.
801 362 915 455 Etym.
938 376 975 454 p.
995 366 1076 431 nera
1092 356 1148 453 tta

129 463 239 544 „pecie
268 456 355 522 unde
379 455 475 537 χθὲς,
509 453 582 518 licei
610 463 723 540 postea
755 450 871 516 lieri.“
920 451 1148 516 Lindemannu

130 559 239 612 autem
259 544 293 607 in
316 542 401 605 notis
427 541 467 607 ad
490 539 623 605 Festum
649 561 685 626 p.
706 536 781 600 446.
804 537 994 605 sanseritam
1023 536 1148 601 formu

129 632 206 714 hina
222 626 396 714 supponit,
427 625 532 704 unde,
559 616 723 690 mulctat
742 623 776 684 in
802 644 838 698 r,
869 631 903 688 et
923 622 1051 688 adiecto
1073 622 1089 687 i
1110 621 1148 689 tlt

129 713 345 782 monstrativo
369 708 493 775 factum
510 710 552 775 ait
573 708 684 785 hinni,
704 704 907 805 quod-hodie
925 727 1061 795 quoque
1082 724 1148 797 epu

132 800 231 865 ltalos
246 805 342 861 sonet
354 790 462 871 liieri3
483 793 565 860 illud
585 805 721 859 autema
736 788 831 858 finale
845 794 996 859 transiiae
1011 792 1049 857 in
1072 815 1111 872 e,
1131 810 1148 857 u

130 887 167 982 in
176 882 334 970 peregri,
351 903 510 980 peregre.
551 879 666 966 Neque
688 877 772 1028 lllrleec
796 879 900 979 aliena
923 875 1148 976 esseniienter

130 971 287 1118 trra?
304 961 1148 1138 allana{aaranrefutanturt:

130 1137 215 1220 fert,
234 1137 332 1202 Eleos
346 1159 409 1225 pro
429 1137 503 1219 χθὲς
524 1136 645 1200 dixisse
660 1131 756 1218 σερός.
1097 1128 1125 1159 “··

233 1255 286 1309 Vix
303 1268 406 1324 operae
419 1254 538 1323 pretinm
552 1259 594 1307 eet
604 1270 650 1306 eos
665 1269 886 1318 commemorare,
901 1252 949 1322 qui
962 1254 1022 1308 lnce
1037 1254 1073 1308 eb
1086 1255 1148 1307 bu

201 1342 221 1394 i.
236 1358 261 1394 e.
285 1342 402 1407 haereo,
427 1337 526 1391 deduci
546 1339 679 1391 maluere.
722 1338 776 1391 vid.
793 1338 900 1405 Apulei,
923 1337 958 1390 ele
973 1338 1102 1409 Orthogi.
1121 1334 1148 1390 B

198 1422 311 1478 Martini
326 1425 392 1476 Iaex.
420 1423 453 1478 Τ.
471 1423 496 1476 l.
518 1439 544 1492 p.
561 1419 621 1476 557.
654 1422 784 1490 Apuleius
802 1421 877 1478 eadit
898 1425 969 1475 haec
991 1422 1096 1490 inepter
1110 1420 1148 1475 hu

148 1563 152 1576 ι
203 1509 263 1561 iaie
275 1509 404 1577 perhibent
418 1509 529 1571 dictem,
544 1509 605 1575 quio
619 1508 749 1562 hermus
760 1509 816 1562 elice
830 1509 953 1562 hodierne
970 1502 1148 1562 minwed&

197 1592 251 1645 etet
264 1592 370 1645 alteriue
384 1592 598 1662 interpellatione.

216 1713 267 1778 De
297 1711 404 1779 forma
427 1735 545 1800 magna
567 1722 635 1779 eret
668 1714 753 1778 inter
782 1720 905 1778 veteres
932 1710 1148 1801 grammaticos

133 1800 367 1865 controversie.
411 1799 630 1892 Quintilianus
651 1799 697 1863 ait
720 1805 755 1874 1,
772 1803 792 1861 7
802 1846 811 1876 ,
827 1804 880 1864 22.
911 1799 1010 1863 iere
1037 1810 1148 1863 nuncl

132 1887 250 1949 littera
271 1883 510 1948 terminamus:
539 1897 578 1948 at
600 1895 744 1948 veterum
762 1885 964 1947 comicorum
986 1882 1099 1956 arilina
1114 1878 1148 1945 li¹

132 1968 349 2033 briaineenio
371 1968 468 2033 heri
490 1968 545 2033 ad
567 1991 628 2032 me
649 1969 790 2034 venit:
814 1968 902 2055 quod
924 1968 1017 2033 idem
1034 1970 1071 2033 in
1090 1964 1148 2053 epi·

132 2054 228 2117 stolis
245 2053 410 2138 Arigaion,
433 2076 516 2140 quas
533 2076 597 2118 auin
611 2075 715 2117 mann
730 2054 866 2139 scripsit
889 2065 950 2118 nui
965 2048 1148 2121 emendarit

134 2137 407 2223 deprehenditur.
455 2138 544 2224 Ergo
571 2139 764 2220 Quintiliani
787 2149 936 2227 tempore
961 2160 1027 2203 una
1059 2137 1148 2203 foma

136 2223 214 2287 icere
230 2223 340 2286 nescio
356 2245 398 2289 an
412 2222 582 2291 communi
608 2245 668 2288 usu
683 2223 880 2291 servabatur.
923 2225 1037 2289 Postea
1056 2234 1148 2296 tamo

136 2307 300 2390 antiquior
313 2307 423 2374 forme
438 2311 556 2376 iterum
570 2310 702 2375 revixit.
742 2311 811 2375 Nos
829 2319 936 2374 autem
952 2330 1042 2375 nunc
1064 2326 1106 2375 ne
1127 2305 1148 2372 ‘n

134 2393 339 2458 comicorum
371 2394 519 2480 quidem·
542 2395 634 2463 libris
665 2394 836 2484 antiquum
862 2416 958 2461 usum
993 2407 1148 2482 agnoscett

160 2497 329 2543 cosumusr
350 2501 426 2543 nam
442 2482 568 2553 codices¹
579 2482 644 2547 scri
667 2481 693 2546 ti
710 2492 742 2546 et
757 2491 928 2569 utramque
945 2479 1091 2548 formant
1106 2495 1148 2545 ex·

161 2561 249 2628 'bent
264 2573 297 2628 et
311 2562 346 2627 in
363 2564 513 2652 plurimis
535 2567 617 2631 locis
655 2571 835 2654 iscrepant,
858 2587 965 2663 neque
988 2587 1086 2649 vero,
1110 2561 1148 2631 ub

134 2649 360 2725 consentiunt,
389 2651 466 2715 heri
486 2652 721 2716 restituendum
746 2653 829 2731 erit,
858 2651 920 2714 nisa
940 2650 1148 2719 Lindemann

133 2732 399 2806 concesserimus,
416 2736 514 2802 etiam
528 2735 542 2798 i
558 2736 697 2806 litteram
713 2735 846 2822 corripi,
871 2745 904 2800 et
921 2737 997 2801 lueri
1010 2760 1073 2825 pro
1089 2756 1148 2801 mo

133 2816 310 2905 nosyllabo
327 2819 442 2906 accipi.
472 2819 567 2885 -Vide
584 2820 680 2885 illum
694 2819 733 2884 ad
751 2819 857 2886 Plauti
873 2822 964 2909 Capt.
984 2827 1013 2898 1,
1028 2828 1059 2900 2,
1073 2828 1106 2888 2.
1124 2843 1148 2885 ar

47 2926 51 2943 ¹
96 2922 98 2930 ’
132 2903 253 2990 Amph.
272 2907 361 2983 1‚3,
381 2909 430 2970 16.
472 2904 536 2970 Sed
559 2903 629 2982 Mil.
652 2911 688 2985 1,
705 2910 743 2987 1,
767 2909 819 2970 60.
847 2905 916 2992 ipse
937 2907 1065 2995 scripsit
1086 2906 1148 2995 qnia

133 2989 212 3053 nere
229 2988 388 3052 dixerunt
403 2987 489 3054 tibi?
528 2989 593 3054 Sed
608 3011 707 3056 sonus
727 2990 887 3059 vocalium
907 2991 978 3078 ipse
1000 3002 1070 3058 erat
1093 3010 1148 3059 ent

132 3071 262 3160 biguus.
303 3073 388 3138 Nam
410 3076 499 3140 idem
513 3075 733 3157 Quintilianus
749 3080 778 3157 1,
794 3078 825 3160 4,
840 3079 871 3143 8.
897 3099 997 3140 conns
1017 3088 1110 3142 —et
1128 3075 1148 3140 ta

133 3157 212 3224 isere
229 3181 332 3248 neque
346 3177 367 3223 Ε
380 3159 485 3245 pinne
499 3184 542 3226 ne
563 3184 605 3227 ue
618 3181 633 3226 1
647 3160 798 3228 auditur.
842 3161 953 3243 Quare
973 3172 1090 3247 poetae
1104 3160 1148 3225 ha

132 3242 265 3309 licentia
282 3245 329 3310 uti
351 3245 499 3310 solebant
522 3184 562 3311 ai
586 3257 730 3312 metrum
751 3243 1040 3311 conformandum.
1083 3247 1148 3310 Hin

131 3328 315 3394 Priscianus
334 3351 369 3416 p.
387 3335 481 3420 1011.Ι
520 3331 565 3397 In
586 3351 607 3419 ΙΙ
630 3353 753 3429 qnoque
776 3330 967 3395 desinentia
989 3332 1148 3396 inaeninn

132 3424 190 3477 tur
213 3413 394 3491 adverbia,
430 3415 490 3480 aed
506 3438 626 3502 petico
651 3415 849 3503 primitiva,
883 3427 920 3479 ut
950 3417 1062 3489 iteri,
1099 3414 1148 3480 nin

132 3496 194 3562 ibi.
237 3499 375 3565 Dicitur
389 3511 504 3566 tomen
522 3512 555 3565 et
578 3503 689 3566 ltere.
733 3500 900 3566 Iuvenalis
919 3501 956 3564 in
972 3520 994 3565 1.
1033 3501 1148 3587 (Sata

132 3583 215 3664 23.)2
239 3608 292 3650 rea
315 3585 415 3650 nodie
437 3586 630 3667 minorent,
652 3589 728 3651 here
752 3609 854 3672 quam
872 3585 963 3675 sicit,
984 3597 1022 3649 nt
1042 3608 1085 3650 ne
1106 3608 1146 3651 ec

132 3665 211 3731 dem
228 3692 306 3733 orna
323 3670 450 3735 deteret
471 3672 603 3756 exigaris
620 3670 761 3756 aliquid.
790 3670 953 3737 Horatius
974 3671 1011 3733 in
1023 3609 1068 3733 ll.
1086 3672 1148 3736 Ser

132 3771 271 3815 mortum
287 3756 331 3837 (2,
348 3759 378 3835 8,
391 3755 457 3841 ·3,);
478 3777 561 3819 nam
574 3757 658 3819 milii
673 3757 845 3818 convivam
858 3756 1032 3840 quaerenti
1047 3755 1148 3820 ducta

133 3834 230 3916 ltere,
251 3838 324 3902 illic
340 3839 383 3906 de
395 3842 506 3904 medio
516 3851 641 3925 potare
658 3838 724 3903 die.
764 3839 834 3903 Alia
858 3841 1008 3938 exempla
1028 3841 1148 3916 contuli

133 3920 312 3986 Burmann.
328 3926 368 3987 ed
381 3927 532 4012 Propert.
549 3928 581 4004 2,
600 3927 647 3999 18,
667 3930 696 3987 1.
736 3925 777 3986 At
794 3921 994 4010 grammatici
1010 3946 1051 3988 ex
1069 3946 1148 3990 mor

134 4027 194 4072 suo
208 4029 279 4073 non
293 4008 480 4078 dubitarunt
497 4009 655 4076 diversam
677 4012 872 4096 scripturam
895 4008 935 4074 ad
959 4009 1148 4098 distinguent
