2632 4770
223 230 302 294 542-
671 219 813 286 MODO.

205 377 497 453 ,determinatum
522 372 579 436 sed
600 370 738 435 latinum
763 368 955 435 vocobulum
977 368 1014 439 id
1037 374 1208 460 exprimit
1227 399 1273 443 re·

223 466 391 529 strictione
422 459 562 545 quodum
586 459 621 519 in
651 455 858 542 opponendis
882 453 1017 520 diversis
1049 461 1272 546 temporibus.

223 549 356 615 Etenim
373 566 476 632 quum
493 541 613 627 aliquid
633 542 738 604 modo
755 539 879 604 foetum
903 561 972 603 esse
998 541 1095 620 dieo,
1120 547 1284 634 intelligo

223 656 293 701 non
309 633 389 709 olim
407 651 475 693 esse
488 627 614 692 factum
625 673 635 706 ,
646 636 712 688 *out
730 647 830 710 quum
846 622 966 709 loquor
983 624 1024 690 de
1039 649 1077 692 re
1096 633 1209 695 modo
1224 632 1274 698 fu-

223 729 316 787 turo.
338 715 497 797 restringo
512 713 684 776 notionem
699 709 803 774 futuri
819 711 999 795 temporis,
1024 723 1057 775 et
1073 718 1274 800 proximum

222 806 292 869 eius
307 803 436 867 initium
449 796 572 862 indico.
616 795 774 860 Similiter
786 793 1009 882 germanicum
1029 799 1105 862 nun
1131 811 1170 867 et
1193 813 1275 868 tem-

225 888 315 977 poris
329 884 507 972 proesentis
524 880 699 947 notionem
716 881 797 944 olins
812 879 970 966 temporis
994 884 1129 971 ratione
1151 891 1273 973 statuit,

225 984 258 1037 ot
278 969 510 1055 cognationem
524 965 624 1030 habet
641 987 718 1028 eum
733 964 894 1031 vocabulo
913 986 988 1030 nur.

308 1143 336 1202 1.
350 1138 497 1202 Primum
513 1136 612 1222 igitur
626 1133 737 1197 dieunt
753 1133 859 1198 Latini
877 1133 977 1200 niodo
991 1139 1085 1222 qussi
1101 1163 1172 1226 pro
1189 1166 1274 1208 nuno

223 1218 344 1299 riuulo,
365 1223 387 1285 i.
404 1245 434 1287 e.
454 1221 520 1285 hoc
536 1224 607 1308 ipso
627 1230 797 1304 tompore,
816 1241 882 1304 quo
904 1243 957 1286 res
979 1223 1105 1288 evenit:
1134 1238 1174 1291 nt
1193 1230 1273 1294 Ger-

224 1309 314 1375 mani
327 1307 378 1371 rel
391 1305 537 1394 gerude,
554 1306 604 1371 vel
615 1301 695 1368 eben
705 1326 769 1389 pro
782 1303 954 1383 intebea,
971 1308 1087 1372 Graeci
1099 1309 1194 1395 ὅρνις
1216 1336 1271 1379 nec

222 1393 385 1482 perspicio
395 1389 971 1486 caussam,quopropterHermsnnus
981 1397 1272 1464 eontraZeunium

224 1489 340 1565 neget.
361 1477 445 1542 hone
463 1475 729 1561 significationem
745 1474 855 1559 primo
876 1475 953 1539 loco
978 1500 1078 1563 posse
1095 1483 1268 1550 collocarit

224 1585 304 1629 nem
324 1560 391 1647 ἄρτι
408 1572 440 1625 et
463 1557 571 1642 ἄπάρτι
597 1560 632 1622 in
658 1581 692 1622 se
720 1557 820 1622 hebet
842 1561 1014 1625 notionem
1038 1567 1130 1664 opti,
1156 1569 1268 1650 exacti,

224 1646 360 1713 deliniti.
403 1646 550 1709 Donatus
575 1644 615 1707 ad
633 1642 769 1707 Terent.
790 1642 849 1708 Ad.
866 1651 897 1720 3,
917 1651 945 1719 1,
961 1652 991 1710 2.
1014 1650 1196 1716 evidenter
1217 1656 1268 1719 liic

224 1731 347 1797 niodo
370 1730 530 1815 temporis
538 1728 733 1816 praesentis
751 1727 952 1793 adverbium
977 1743 1037 1795 est.
1080 1737 1265 1804 Priscianus

225 1822 275 1883 18.
291 1839 324 1903 p.
335 1818 426 1879 1168.
443 1812 591 1878 Romani
601 1835 726 1911 quoque
741 1811 937 1878 adverbium
953 1816 1076 1881 modo
1093 1821 1134 1884 in
1152 1825 1268 1888 eadem

223 1902 393 1987 utriusque
421 1896 674 1986 significatione
696 1909 839 1982 ponunt.
887 1899 1064 1964 Terentius
1094 1906 1137 1968 in
1160 1908 1267 1974 Psor-

222 1987 353 2072 miope:
391 1984 492 2047 modo
518 2009 540 2046 a
566 1983 614 2046 ud
635 1993 775 2066 portum
805 1985 983 2050 meamne?
1017 1989 1146 2054 modo
1182 1992 1266 2058 dixit

221 2092 285 2157 pro
308 2090 452 2153 nuper.
495 2066 521 2130 I
542 2090 594 2130 em
617 2066 655 2129 in
677 2065 860 2129 EnQuolzo:
881 2068 1003 2132 modo
1026 2074 1112 2146 ait,
1140 2077 1265 2143 modo

221 2176 271 2218 ne
275 2165 358 2239 get
373 2174 440 2238 pro
457 2151 629 2231 nonsart,
651 2172 740 2213 nune
755 2163 873 2236 neget.
916 2153 1077 2219 Donatus
1091 2159 1132 2222 in
1146 2183 1264 2227 seeun-

221 2237 271 2303 da
293 2249 369 2301 erte
392 2235 435 2300 de
457 2237 611 2300 nomine.-
645 2233 706 2298 sed
732 2237 833 2299 modo
863 2239 1080 2322 generaliter¹
1105 2245 1263 2326 dicimus,

245 2346 284 2387 ro
305 2343 414 2385 nunc
438 2319 526 2393 dixit
550 2317 687 2384 modo.
728 2320 792 2383 Sed
815 2319 950 2386 fortasse
970 2320 1088 2410 aliquis
1119 2330 1210 2396 dicat
1231 2334 1263 2396 ir

214 2344 272 2472 liis
294 2429 446 2493 praesens
470 2407 560 2471 verbi
580 2426 643 2491 pro
668 2405 844 2490 praeterito
867 2407 957 2486 poni.
1001 2411 1133 2477 'sumen
1155 2427 1263 2482 monet

220 2493 400 2578 proesentis
429 2493 514 2556 ratio
542 2490 577 2554 in
607 2487 770 2554 definitiva
799 2491 975 2574 porticula,
1009 2517 1092 2580 quae
1126 2503 1262 2588 proprie

205 2575 398 2662 signifieat:
425 2598 463 2639 eo
486 2578 558 2662 ipso
574 2585 742 2660 tempore,
765 2596 831 2658 quo
857 2576 935 2661 quid
955 2573 1003 2643 fit.
1043 2580 1160 2648 Immo
1188 2609 1261 2651 vem

221 2685 295 2725 cum
325 2659 470 2746 perfeeto
506 2661 728 2745 compositum
757 2659 858 2722 modo
891 2661 988 2725 etiem
1027 2664 1062 2727 id
1091 2672 1261 2757 exprimit,

223 2746 312 2832 quod
330 2746 452 2809 loetum
473 2767 560 2808 nuno
576 2743 676 2808 adest.
723 2744 805 2808 Vide
826 2768 859 2810 n.
875 2750 907 2809 2.

322 2880 431 2932 Terent·
454 2878 503 2931 uu.
518 2878 543 2939 3,
559 2879 583 2941 1,
601 2877 626 2930 2.
647 2879 720 2930 modo
744 2879 858 2943 dolores,
876 2899 933 2934 mea
947 2885 991 2946 tn,
1009 2883 1143 2952 occipiunt
1165 2891 1261 2956 primu·

285 2967 348 3016 tum.
377 2963 445 3014 Hoc.
463 2961 489 3027 3,
505 2961 531 3026 5,
547 2963 571 3015 8.
590 2963 695 3014 uulneris
711 2964 792 3013 morto.
819 2964 897 3028 Quae
908 2967 1080 3018 Burmannus
1095 2969 1133 3020 nd
1144 2972 1261 3025 Phaedr.

284 3047 319 3111 2,
333 3046 365 3110 8,
380 3047 406 3098 8.
434 3055 529 3096 contra
552 3046 686 3095 Donatum
710 3044 847 3111 disputat,
871 3049 994 3116 specioso
1014 3050 1174 3107 'subtilitate
1194 3056 1260 3108 nihil

286 3130 424 3183 ellioinnt:
445 3145 533 3195 neque
548 3134 638 3180 tamen
661 3146 694 3180 ea
711 3145 777 3181 vern
793 3137 871 3195 sont,
889 3150 958 3199 quae
973 3133 1086 3186 Vossius
1107 3136 1145 3189 nd
1163 3141 1259 3192 Gotull.

286 3233 313 3283 p.
328 3214 370 3266 39.
393 3214 504 3264 monuit.
546 3215 671 3280 Propert.
691 3212 815 3276 1,11,1.
839 3216 930 3282 ecquid
950 3225 973 3269 te
996 3219 1087 3270 mediis
1109 3232 1257 3286 cesenaten,

288 3298 416 3366 equitia,
438 3298 514 3351 Boiis
531 3324 564 3335 -
588 3303 612 3347 et
629 3298 704 3348 modo
728 3299 863 3366 Thesproti
885 3299 1017 3351 mirantem
1037 3304 1147 3357 subdito
1170 3325 1255 3377 regno,

207 3411 214 3416 -
282 3384 400 3453 proxima
421 3381 526 3433 moenis
546 3397 658 3448 aequora
679 3383 818 3444 nobilibus,
841 3385 922 3436 nostri
942 3400 1006 3441 euru
1029 3387 1099 3438 subit
1128 3399 1254 3443 memores.

283 3469 312 3518 h.
328 3484 351 3518 e.
367 3467 436 3516 eleo.
468 3463 500 3514 ln
520 3462 581 3515 niv.
603 3460 654 3528 38,
671 3461 721 3529 54,
736 3462 762 3517 4.
784 3467 863 3520 vorin
883 3472 925 3520 est
946 3468 1085 3537 scripturo
1108 3475 1248 3526 verborum

282 3567 349 3602 unns
365 3554 393 3600 et
407 3549 489 3600 modo.

314 3648 445 3703 Asconius
460 3649 489 3700 in
505 3647 563 3701 cte.
579 3646 656 3699 Orat.
671 3646 699 3700 in
715 3647 790 3700 verr.
809 3649 834 3713 l,
850 3650 875 3715 3,
891 3650 915 3703 ¹1.
939 3654 971 3705 de
981 3655 1065 3718 furtis
1079 3661 1152 3711 tacet
1175 3659 1252 3721 morlo,

282 3735 358 3803 quasi
377 3734 450 3802 [uon]
473 3733 571 3784 idoneis
591 3732 629 3784 od
643 3736 762 3798 furorem
785 3735 921 3786 auaritiae.
946 3737 1016 3797 ⁴llic
1038 3736 1253 3807 interpretentur

279 3826 349 3873 tonet
366 3836 439 3869 nuno.
474 3817 534 3884 Ego
549 3832 615 3867 vero
630 3815 756 3884 intelligo
773 3818 980 3871 affirmationem
998 3822 1040 3872 rei
1061 3822 1221 3892 singularis.

309 3921 401 3975 Plaut.
415 3915 493 3984 Epio.
507 3915 534 3979 5,
549 3916 574 3980 1,
590 3916 632 3970 43.
655 3919 738 3985 qnid?
754 3937 804 3986 ego
816 3920 891 3970 morlo
904 3921 963 3970 linio
973 3923 1064 3985 frater
1071 3929 1175 4002 foetus,
1194 3933 1253 3982 dum

243 4042 247 4061 2
274 4005 341 4059 intro
354 4010 476 4070 eoatque
490 4001 569 4053 exeo?
602 4000 680 4057 '1¹rin.
694 4000 720 4067 4,
735 4002 760 4066 2,
774 4001 817 4054 63.
842 4005 964 4058 devorari
986 4023 1076 4060 nomen
1098 4012 1252 4082 imprudens
