2632 4770
140 255 203 319 142
613 248 706 315 {Abl-

223 408 273 470 19.
295 402 416 467 Dones
430 401 505 467 iam
520 422 592 466 non
616 400 721 467 modo
741 398 787 466 sle
809 412 959 469 extremo
982 407 1094 494 aliquo
1117 420 1194 475 ter-

136 491 231 556 mino
257 499 451 575 usurpatur,
474 487 531 551 sed
557 487 653 552 etiam
680 487 828 574 designat
851 510 924 555 rem
948 504 1037 558 certe
1060 495 1103 559 ad
1126 498 1194 561 ali-

135 573 352 727 Ἑξιωθῗιηὲη
374 573 580 661 prodactam.
623 573 780 639 Germani
800 573 916 641 acuat
934 577 991 644 bis
1011 577 1112 658 eben,
1138 580 1194 648 bia

238 779 335 831 Celsus
351 775 377 841 8,
394 775 420 829 4.
434 782 506 830 extr.
525 777 574 831 ella
595 776 683 846 atinus
701 780 784 849 capite
800 783 894 848 frama
912 785 1042 838 seruantia
1064 792 1139 849 sunt,
1160 796 1194 840 at

199 848 283 918 annae
295 864 352 915 iane
362 862 455 914 ualida
471 862 581 915 sieotriae
595 863 654 927 erit,
673 865 787 917 uitentur
800 867 854 932 tol,
870 876 968 922 uentus.
1000 866 1028 933 8,
1044 868 1071 920 2.
1085 872 1194 938 radere,

199 950 285 1003 danen
297 948 350 999 iam
365 947 467 1015 ulinastri
481 947 749 1002 manuteneatur.
1047 974 1051 983 ·

237 1033 333 1086 oasa·
348 1030 374 1095 8,
389 1027 415 1094 t,
432 1029 457 1081 l.
474 1048 538 1100 engo
554 1033 668 1099 quotidie
682 1050 780 1103 nupera
796 1034 947 1102 resonem,
962 1038 1046 1091 anne
1064 1040 1125 1092 iam
1145 1057 1194 1095 es-

201 1125 264 1172 sata
282 1125 330 1170 aut
346 1117 510 1185 malagmate
523 1116 652 1185 pessimus
666 1133 718 1169 we
731 1120 848 1171 contenti.

216 1233 271 1293 20.
287 1226 328 1291 la
339 1246 481 1290 numero
493 1224 700 1311 enupjiffido
718 1235 750 1290 et
763 1227 800 1290 ia
816 1229 1043 1315 magnitudine
1058 1233 1193 1321 signifi-

131 1312 238 1380 oanda
256 1312 379 1377 indront
404 1332 478 1375 sam
495 1298 759 1397 in'ignitudiffe'm
775 1317 975 1401 completam
995 1317 1045 1382 vel
1070 1331 1193 1385 entre-

130 1422 223 1465 msm
238 1408 387 1487 partem,
409 1417 579 1483 quousque
594 1398 789 1482 processerit
806 1420 877 1478 res,
900 1411 933 1463 et
948 1424 1125 1469 ursmarum
1146 1408 1188 1470 ia

131 1487 216 1550 serie
233 1505 345 1549 rerum
362 1480 541 1545 admodum
560 1501 729 1567 maguum.
760 1483 918 1550 Germani
932 1487 966 1550 in
985 1489 1188 1574 quibusdam

129 1568 451 1659 regionibusdicaat
475 1566 528 1642 nl,
549 1568 770 1652 quodnatum
790 1589 830 1631 rx
851 1571 923 1635 alte
945 1584 1010 1635 est:
1042 1576 1077 1637 in
1112 1587 1188 1642 tota

128 1656 312 1722 Germania
327 1663 436 1718 autem
454 1649 595 1731 bereits,
616 1648 739 1716 bereits
753 1653 873 1734 solean,
892 1657 1074 1725 alibereits.
1116 1662 1187 1727 Sed

128 1764 202 1808 aaa
215 1761 347 1828 semper
365 1749 496 1824 tempus
513 1736 723 1836 anticipatum
737 1737 841 1802 intelli
867 1741 940 1807 itur.
976 1744 1062 1808 Nem
1080 1748 1186 1812 martti

128 1829 205 1894 iam
219 1837 297 1891 suat
311 1822 411 1887 mrslti
426 1822 525 1902 adeo,
542 1844 652 1909 prope
668 1845 742 1887 tum
754 1824 836 1912 sig-a‘
865 1837 914 1891 ont
929 1827 970 1892 ad
983 1831 1180 1916 proximum

128 1912 212 1982 adeo
225 1934 298 1977 rem
314 1908 525 1996 processisse.
567 1908 641 1971 Vid.
665 1929 700 1973 n.
719 1914 770 1972 10.

232 2031 288 2085 cic.
309 2047 334 2097 p.
350 2029 431 2080 Rosa·
449 2028 525 2079 Com.
541 2025 569 2090 b,
586 2025 612 2079 8.
636 2047 715 2096 quam
728 2029 829 2100 pridem
842 2031 891 2083 boe
903 2050 1009 2098 nornen,
1028 2035 1134 2101 Fanni,
1152 2040 1181 2090 in

194 2115 343 2169 anemoria
365 2113 502 2165 retulisti?
537 2112 684 2164 Etobesrits
709 2115 771 2183 quid
797 2120 960 2184 respondeat,
993 2120 1088 2172 nescit:
1116 2124 1183 2191 quiri

190 2202 282 2269 fingat
296 2199 426 2266 cntempla,
449 2214 503 2250 non
523 2196 610 2249 babet.
646 2198 713 2251 Sunt
727 2200 777 2251 duo
792 2216 890 2254 menses
909 2204 981 2267 iam,
1003 2204 1078 2257 dices.

228 2299 289 2355 htv.
304 2299 348 2364 22,
363 2296 408 2366 lo,
423 2298 451 2351 2.
477 2300 545 2352 inter
561 2300 750 2355 multitudinem
766 2303 892 2358 sociorum
913 2306 997 2357 italici
1020 2308 1125 2374 generis
1143 2335 1176 2348 -

96 2440 103 2461 ἱ
194 2395 247 2441 tres
261 2374 384 2455 iampani
397 2382 493 2454 equites
518 2390 592 2437 eraut
614 2387 703 2437 multis
724 2386 778 2438 iam
800 2387 881 2441 illecti
902 2390 977 2443 donis
998 2393 1179 2461 promissisque

192 2471 354 2526 Hannibalis
371 2472 408 2524 ne
428 2468 601 2522 ancillantes
610 2470 779 2539 popularium
791 2471 900 2523 assinos.
933 2474 1019 2528 Aldus
1035 2493 1050 2526 e
1065 2477 1176 2542 quibus-

191 2555 255 2611 dam
281 2552 419 2608 codicibus
447 2552 532 2606 edidit
555 2555 611 2606 iam
625 2561 697 2616 tum,
720 2554 792 2622 quod
816 2572 833 2608 a
855 2558 1006 2625 glossatore
1023 2563 1175 2626 proiectum

192 2647 262 2695 erat.
304 2638 419 2706 Proprio
447 2639 507 2690 iure
529 2639 582 2689 iarn
608 2645 748 2692 assumunt
769 2641 856 2693 verba
872 2645 984 2712 frangi,
1010 2645 1125 2716 infringi
1149 2655 1176 2700 et

190 2724 300 2779 similia.
336 2722 393 2775 otc.
410 2721 444 2772 de
459 2720 534 2773 Orat.
549 2721 576 2784 1,
591 2720 617 2784 i,
631 2719 673 2774 24.
702 2741 779 2790 quum
799 2751 833 2764 ·-
857 2726 936 2776 Drusi
956 2729 1104 2781 tribunatus
1125 2752 1174 2800 pro

189 2819 296 2863 senatus
319 2807 473 2860 auctoritate
494 2814 625 2873 susceptae
640 2808 756 2877 inssings'
776 2808 829 2860 ium
853 2809 1027 2878 debilitarique
1037 2816 1175 2872 ‚uideretur

189 2902 243 2949 ete.
276 2911 302 2960 p.
312 2888 455 2954 stanneo,
470 2886 512 2942 62.
532 2892 687 2943 austeritate
699 2892 767 2944 enim
781 2899 854 2945 tanta
866 2899 921 2954 est,
939 2902 969 2945 nt
984 2896 1040 2946 iam
1050 2902 1173 2961 fractane

185 2996 267 3050 prope
280 2995 310 3030 ae
332 2976 493 3028 debilitatum
511 2974 634 3027 Gracia
656 2992 748 3028 nomen
768 2976 844 3027 buius
866 2977 937 3028 urbis
959 2979 1035 3029 lande
1057 2979 1172 3038 nitatur.

187 3064 285 3117 Horat.
301 3061 357 3114 Sat.
375 3058 443 3123 1,1‚
460 3056 485 3111 4.
513 3076 527 3110 a
537 3061 671 3127 fortunati
692 3059 863 3111 narentur
880 3061 972 3128 gravis
997 3065 1075 3114 annis
1098 3069 1173 3120 enites

188 3148 245 3211 ait,
272 3147 352 3198 multo
372 3145 425 3194 iam
442 3146 549 3206 fractus
572 3147 688 3197 membra
708 3143 804 3196 labore.
847 3143 1021 3212 Aliquantum
1048 3156 1173 3205 mutatur

188 3247 298 3295 sensus,
322 3226 345 3281 si
369 3243 432 3279 eam
454 3227 581 3295 plurimis
606 3224 800 3295 interpretibus
827 3228 969 3298 coniungis
990 3233 1042 3283 iam
1057 3239 1171 3299 fractus.

189 3314 345 3367 cnhaerere
369 3309 439 3362 enim
458 3321 569 3378 possunt
590 3311 673 3364 etiam
694 3311 781 3364 verba
802 3315 884 3368 mutto
904 3317 1071 3371 tentatore.
1112 3319 1171 3374 Nee

186 3397 304 3453 debebat
326 3394 497 3450 Eiahstadius
525 3395 651 3453 assentiri
676 3396 794 3462 notaio,
821 3399 866 3468 qui
895 3405 926 3451 ut
948 3401 1167 3457 emendationem

186 3482 334 3539 perborum
356 3483 431 3533 annis
447 3487 538 3553 panis
561 3482 735 3546 deturbaret,
754 3483 918 3551 particulam
940 3485 1011 3543 iam,
1031 3485 1064 3535 rle
1082 3503 1167 3552 prae-

186 3575 295 3618 matura
314 3583 346 3618 re
359 3564 582 3638 intelligendam,
601 3565 711 3618 (licebat
730 3569 764 3619 ad
781 3568 907 3621 iuvenem
922 3566 1046 3631 militem,
1065 3586 1118 3622 noa
1134 3573 1169 3624 ad

187 3656 349 3712 veteranum
365 3652 464 3703 referri
485 3669 571 3720 posse.
607 3653 642 3703 At
663 3655 752 3720 graus
775 3653 849 3704 annis
873 3667 925 3702 non
948 3654 1103 3719 appellatur
1125 3673 1169 3706 se-

183 3751 244 3794 nex,
281 3736 373 3802 Quare
391 3736 473 3788 redde
489 3738 539 3788 illa
555 3735 659 3786 verlini
679 3737 726 3787 der
747 3738 838 3788 Saldat
862 3736 891 3786 in
907 3736 1023 3801 latren,
1043 3740 1100 3790 dem
1124 3742 1168 3792 be-

183 3820 248 3872 seits
269 3822 332 3883 niele
356 3824 504 3888 Strapaeen
522 3821 563 3870 die
587 3819 693 3869 Glierler
713 3821 892 3887 abgeslusnpst
909 3821 1002 3873 baben.
1037 3824 1167 3876 Fortasse

184 3903 269 3959 ettam
285 3904 341 3967 laun
356 3889 474 3971 pertinet
488 3900 585 3969 Virgil.
603 3901 652 3951 Ge.
670 3899 696 3965 3,
714 3902 774 3956 398.
799 3904 874 3955 multi
894 3905 948 3956 iam
969 3914 1080 3958 secretos
1101 3926 1165 3975 pro-

183 3988 271 4041 bibent
292 4005 309 4039 a
325 3974 447 4039 matribus
462 3986 559 4036 baedae
571 3984 706 4053 primaque
716 3989 829 4054 ferratis
850 3992 1002 4058 praefigunt
1026 4010 1071 4043 orn
1089 3996 1162 4061 capi-

181 4073 249 4135 esn's.
283 4071 352 4123 Nam
366 4068 390 4121 sl
404 4083 467 4121 oum
483 4068 575 4123 vossio
591 4069 756 4138 explicueris
770 4071 872 4124 haedos
888 4087 906 4125 a
927 4076 1063 4128 matribus
1077 4079 1159 4129 modo
