2632 4770
169 244 229 304 112
639 228 729 298 tan.

163 393 362 484 exprimant.
405 387 459 451 Est
475 382 575 470 igitur
589 382 622 447 in
640 383 748 450 verbis
764 395 848 467 tom,
869 388 955 469 iam,
974 404 1079 477 quom
1096 387 1212 455 eadem

163 486 266 561 ratio,
311 498 369 540 aas
396 474 484 535 iuter
508 470 709 555 pronomina
736 469 993 539 demonstrativa
1016 485 1050 539 et
1075 474 1212 543 relativa

163 504 340 633 intercedit.
389 557 457 623 Neo
492 554 699 619 haerebimus
734 578 810 622 cum
839 561 1067 625 Lindemanno
1101 561 1137 625 in
1160 582 1211 641 eo,

163 650 252 743 qnod
284 650 357 712 ium
393 638 593 705 definitivam
626 651 658 704 et
687 641 979 710 demonstrativam
1011 655 1210 734 potestatem

160 740 278 805 babere
297 729 453 793 videatur.
496 726 624 790 Scilicet
641 747 709 790 non
726 750 768 792 ex
787 730 965 797 indefinitis
981 732 1132 819 partibus
1147 732 1163 795 ι’
1178 742 1209 797 et

160 846 218 888 am
233 816 411 882 conflatum
428 821 487 890 est,
510 822 546 874 ut
561 811 617 875 ille
635 813 844 879 existimarit.
888 820 992 883 Verae
1005 828 1120 883 autem
1137 816 1207 883 orir-

157 906 241 993 ginis
261 901 393 987 vestigia
407 900 475 963 iam
490 896 662 962 Matrinius
679 910 889 986 cognoverat,
908 924 1012 990 quum
1028 903 1063 966 in
1081 902 1204 967 Lexicc
1228 902 1233 969 i

157 1016 191 1081 p.
211 996 242 1055 ἓ.
281 988 354 1051 iam
379 992 595 1071 componeret
624 1004 701 1047 cum
731 989 931 1072 pronomine
955 988 1003 1063 is,
1036 996 1069 1052 et
1096 1008 1139 1051 ex
1159 987 1233 1056 imi

157 1085 269 1141 ortum
294 1094 363 1137 esse
396 1071 527 1133 diceret.
570 1068 699 1155 Reliqui
724 1074 930 1155 grammatici
953 1073 1034 1138 olim
1060 1072 1204 1139 radicem
1226 1058 1233 1093 '¹

155 1165 190 1228 in
216 1159 370 1223 hebraico
392 1157 529 1221 nomine
550 1152 617 1217 diei
633 1156 843 1301 quaesivere,
865 1180 953 1223 nuno
977 1158 1012 1221 in
1035 1158 1203 1223 senseriti-

154 1268 211 1311 cae
234 1245 364 1341 linguae
384 1238 572 1330 primordiis
597 1239 630 1302 in
656 1262 766 1325 agasse
791 1242 853 1306 sibi
876 1245 937 1309 visi
960 1253 1052 1309 sunt.
1098 1244 1201 1309 Nob'u

152 1330 231 1398 satis
248 1339 311 1395 erat
332 1329 481 1415 genuina
498 1324 617 1389 latinae
633 1326 746 1411 stirpis
763 1330 967 1412 cognovisse.

237 1416 317 1481 Iam
337 1416 437 1503 igitur
451 1432 519 1477 non
535 1420 667 1497 tempus
684 1413 819 1497 proprie
833 1414 1013 1500 significat,
1033 1438 1095 1480 nec
1115 1425 1198 1482 tem-
1229 1468 1233 1491 .

151 1524 214 1591 pus
231 1522 402 1590 praesens.
426 1494 516 1645 quod
539 1504 673 1559 notatur
692 1496 851 1565 racanato
872 1522 980 1581 nunc,
996 1501 1054 1573 ¹sed
1080 1500 1197 1567 distin·
1231 1500 1233 1505 ’

152 1599 205 1653 cte
228 1600 261 1652 et
288 1595 401 1673 exaqte
452 1583 575 1667 resignat
591 1601 681 1669 'rem
713 1574 1195 1670 demonstratione''deliiritivr‚
1231 1596 1233 1601 '

150 1664 434 1762 quemadmodum
465 1664 583 1731 dicitur
611 1654 675 1729 lioc
708 1666 800 1749 iam,
836 1668 1091 1736 ubi'Germani'
1112 1670 1195 1739 'resta
1230 1672 1233 1749 ζ

149 1760 243 1849 quasi
269 1759 318 1823 via
344 1756 476 1820 adrem
500 1754 534 1817 in
558 1750 673 1815 eadem
699 1751 785 1818 linea
812 1757 957 1842 positam
982 1757 1193 1844 procedentes

150 1850 264 1912 dicunt
288 1843 362 1907 dies
386 1837 522 1926 gerarde
552 1836 604 1901 vel
639 1836 713 1900 dica
748 1837 840 1905 eben.
890 1842 940 1907 lta
972 1844 1083 1921 ratio,
1117 1864 1193 1933 quaa

147 1932 232 1996 inter
252 1927 349 1994 verba
363 1937 454 2001 tam,
475 1944 594 2011 quam,
614 1921 688 1985 ium
704 1923 889 2008 intercedit,
910 1927 1072 2014 explicari
1086 1938 1190 2017 potest

146 2016 253 2083 'verbis
273 2036 311 2079 eo
333 2008 454 2088 morlo,
483 2030 546 2095 qno
570 2006 688 2079 modo,
714 2010 790 2094 apso
814 2012 876 2075 laoc
902 2013 970 2077 sive
993 2012 1055 2077 illo
1077 2015 1188 2081 modo.

148 2102 212 2166 Sed
230 2121 288 2163 usu
312 2096 434 2161 factum
458 2104 524 2172 est,
552 2102 588 2156 ut
609 2093 683 2156 ium
700 2098 928 2182 maximopere
952 2098 1133 2166 referretur
1153 2099 1188 2165 ad

145 2199 294 2272 tempus,
320 2182 418 2267 idque
439 2180 490 2243 vel
506 2181 615 2266 ipsum
633 2180 682 2244 vel
705 2200 779 2245 eum
806 2182 871 2246 alio
887 2193 1040 2270 ternpore
1056 2206 1188 2272 compt-
1211 2206 1233 2269 ·‚;

144 2282 253 2337 ratum
274 2266 456 2331 distinctius
478 2266 720 2353 designaretur:
747 2288 811 2353 qua
834 2267 869 2331 in
890 2268 1081 2333 definitione
1106 2272 1181 2337 Gen

143 2356 235 2421 mani
253 2362 389 2416 utuntur
405 2351 500 2416 etiam
519 2349 744 2426 verbis'eban,
766 2352 930 2438 gerarde..¹
954 2354 1024 2419 Nec
1049 2357 1114 2420 lroc
1137 2356 1190 2421 fus·

143 2441 191 2531 git
214 2440 366 2525 antiquos
390 2437 632 2524 grammaticos.
685 2437 771 2500 Nam
795 2434 942 2503 Donatus
976 2440 1091 2506 docuit
1120 2443 1190 2506 iam

140 2524 324 2613 significare
349 2524 494 2611 praecise
520 2532 671 2608 tempusa
715 2542 856 2608 eumque
887 2537 1046 2610 sequutus
1076 2537 1126 2591 est
1156 2530 1188 2593 iu
1227 2564 1233 2581 ι

140 2610 221 2678 falsa
238 2610 371 2699 quidem
388 2608 636 2673 ratiocinatione
651 2608 780 2672 Cortius
797 2609 837 2671 ad
855 2608 985 2674 Sallust.
998 2612 1068 2676 Cat.
1087 2619 1119 2690 2,
1132 2618 1165 2677 20

224 2696 478 2782 Expositioncm
497 2694 621 2756 etiamsi
638 2715 699 2754 nos
717 2693 881 2775 possimus
906 2695 1051 2781 incipere
1076 2698 1117 2761 ab
1138 2698 1184 2779 iit,

142 2802 224 2867 quae
241 2780 280 2845 ad
299 2780 553 2866 qualescumque
570 2799 619 2839 res
639 2777 786 2839 distincte
803 2779 1016 2866 designandas
1039 2785 1186 2863 attinent,

139 2875 250 2930 tamen
268 2888 370 2951 quum
384 2866 467 2928 ratio
484 2863 643 2947 temporis
661 2861 879 2949 distinguendi
896 2867 1092 2951 praevaleat,
1114 2890 1186 2933 eam

138 2953 249 3039 primo
281 2954 355 3016 loco
390 2950 601 3012 illustremus.
666 2946 752 3009 Nam
790 2948 834 3049 ip
854 2951 1008 3016 omnibus
1041 2955 1186 3038 partibus

136 3056 242 3101 unum
267 3045 404 3122 apparet
427 3031 674 3120 significationis
711 3030 985 3118 fundamentum,
1017 3059 1078 3102 nec
1113 3041 1187 3105 iam

136 3133 186 3188 est
199 3122 357 3211 particula
373 3120 517 3205 tempori
536 3117 690 3202 propria,
713 3128 750 3181 ut
771 3120 866 3184 multi
890 3121 971 3185 olim
994 3124 1185 3209 opinaban-

134 3216 200 3271 tur.
245 3207 357 3271 Critici
376 3212 471 3281 vero,
494 3203 550 3291 qui
567 3203 688 3289 ubique
703 3209 982 3293 unamtemporis
1006 3212 1185 3276 notionem

133 3292 308 3372 tenebant,
329 3310 466 3375 eamque
488 3308 583 3373 saepe
607 3308 679 3352 non
706 3310 782 3353 cum
805 3291 943 3377 ieli'quis
967 3295 1073 3358 verbis
1098 3292 1185 3362 oon-

135 3398 254 3463 gruere
278 3378 446 3455 videraut,
472 3396 511 3438 eo
532 3374 664 3438 demum
680 3374 941 3460 ·confugerunt‚'
961 3390 999 3442 ut
1022 3379 1184 3447 decerne-

132 3474 208 3526 rent
243 3460 435 3548 particulam
467 3461 540 3524 iam
570 3460 736 3547 eleganter·
763 3460 939 3526 abundare.
998 3463 1046 3529 lta
1079 3468 1184 3533 etiam

133 3549 258 3611 censuit
275 3546 478 3610 Eichstadiuts
501 3547 536 3609 in
563 3546 761 3626 Quaestione
781 3548 877 3609 tertia
900 3548 940 3611 de
963 3548 1107 3615 Flaviani
1132 3564 1183 3617 te-

130 3633 278 3696 stimonii
296 3631 461 3696 authentia
486 3655 519 3719 p.
539 3636 569 3695 6.
594 3631 729 3693 afferens
752 3630 888 3696 Terent.
912 3635 1026 3698 Heaut.
1043 3641 1075 3715 4,
1096 3642 1181 3717 3,1.

131 3729 163 3782 et
182 3718 289 3781 Tacit.
310 3719 464 3782 German.
488 3718 541 3782 45.
584 3716 652 3778 Nec
674 3714 868 3781 mirabimur
891 3720 1044 3805 antiquos
1064 3742 1181 3807 gram-

129 3804 283 3873 maticos,
309 3804 365 3888 qui
381 3802 456 3866 huic
480 3801 653 3889 particulae
671 3802 774 3864 modo
800 3803 978 3867 velocitatis
1003 3807 1081 3903 (vid.
1101 3808 1181 3872 Do-

128 3898 196 3951 nat.
223 3889 263 3952 ad
285 3887 421 3952 Terent.
449 3890 563 3952 Heaut.
587 3889 618 3964 4,
636 3890 664 3958 6,
684 3887 767 3974 18.),
797 3889 900 3953 modo
933 3890 1091 3955 tarditatis
1122 3894 1180 3979 (ad

127 3973 229 4037 Andr.
255 3980 345 4054 1,2‚
366 3972 429 4059 19.)
461 3973 632 4035 notionem
665 3973 862 4036 tribuerunt.
921 3976 1029 4040 Nemo
1056 4000 1177 4046 eorum

126 4059 215 4125 enim
232 4060 400 4148 perspexit
415 4058 616 4147 primitivam
635 4059 785 4123 vocabuli
805 4072 967 4124 naturam.
