2632 4770
152 240 266 307 sor
332 307 334 312 .

643 219 821 305 uerE·
863 304 868 311 .

212 383 453 472 consequntiris
473 380 554 444 olim
579 373 725 451 adbibita
745 372 877 438 transiit
900 370 935 434 in
959 368 1273 467 demonstrativam.

212 477 280 544 Nec
303 471 389 538 male
418 467 498 541 haec
530 483 624 528 nme
647 457 875 547 pronuntiari,
907 465 1071 519 monstrnt
1101 459 1183 517 satis
1216 457 1273 520 nte

212 581 310 640 usus,
346 576 412 643 quo
445 559 524 638 post
548 548 607 612 alia
634 546 768 609 nomina
799 542 958 628 particula
980 540 1274 624 interponebatur.

214 647 300 713 Item
325 664 365 707 cx
392 628 463 702 und
485 657 522 697 so
545 631 583 696 fit
605 654 643 696 so
666 652 756 709 nun,
778 629 870 705 auo,
901 625 1020 690 daber.
1062 625 1139 690 Non
1174 628 1275 714 pauci

217 733 395 815 scriptores
416 744 487 786 enm
507 714 830 783 amaruntorationis
846 710 1011 792 formam,
1034 712 1067 774 in
1088 732 1153 859 eppa
1171 722 1276 799 post-

216 826 318 904 'qnam
341 810 390 876 rei
413 807 514 871 factae
543 801 688 876 conditio
717 810 787 865 erat
816 799 919 877 dicta,
945 796 1092 882 'significa
1118 808 1198 863 ntur
1228 797 1276 880 id,

220 898 312 989 quod
331 897 374 960 ob
390 893 474 958 hunc
492 909 640 953 caussam
657 882 984 957 ficretantsssuturum
1001 891 1093 946 esset.

321 1028 379 1081 Cic.
401 1024 499 1080 Pnrtit.
518 1028 587 1075 orat.
609 1021 637 1087 6,
655 1021 699 1077 22
718 1019 864 1075 serl'rnulta
888 1027 946 1071 snat
960 1019 1102 1071 suauitatis
1118 1023 1278 1086 praecepta,
1307 1074 1310 1080 ‚

287 1131 354 1184 quae
380 1112 518 1164 orationem
540 1116 585 1160 cut
607 1108 695 1176 tnagis
718 1107 854 1158 obscuram
877 1110 926 1156 eut
945 1104 1033 1155 nanus
1046 1104 1213 1171 probabilem
1222 1109 1276 1170 sa-

285 1201 367 1250 ciant.
401 1197 492 1260 ltaque
508 1193 587 1243 etiam
601 1184 648 1243 boc
662 1192 717 1241 loca
733 1189 807 1240 nobis
822 1196 861 1240 est
875 1189 945 1258 ipsis,
962 1188 1024 1255 quiri
1040 1205 1131 1238 caussa
1145 1189 1276 1255 postulet,

284 1279 463 1334 iudicandam.
498 1275 533 1328 etl
550 1275 605 1327 nu.
624 1270 711 1336 1,14.
730 1274 817 1340 prima
830 1273 917 1324 concio
932 1271 1048 1339 Pompeii
1064 1273 1149 1339 qualis
1161 1274 1274 1336 fuisset,

284 1363 378 1432 scripsi
396 1362 432 1413 ael
448 1369 473 1412 te
491 1367 588 1423 antea,
608 1376 660 1409 non
675 1357 787 1408 iucunda
801 1358 908 1419 miseris,
927 1356 1012 1407 inanis
1031 1356 1170 1422 improbis,
1191 1359 1275 1408 beatis

185 1433 208 1469 .'
285 1464 337 1502 nan
353 1452 444 1514 grata,
458 1444 527 1496 bonis
542 1459 594 1494 non
605 1442 706 1511 grauis.
736 1441 827 1509 ltaque
835 1442 966 1511 frigebat.
985 1439 1003 1490 i.
1017 1455 1040 1491 e.
1056 1441 1139 1490 delier
1153 1443 1276 1508 gebraclc

286 1533 336 1583 clas
354 1531 485 1580 interesse.
519 1526 597 1578 Caes.
613 1523 644 1574 B.
661 1524 713 1577 cir.
726 1523 753 1589 2,
766 1522 792 1575 l.
813 1527 860 1576 'cert
874 1527 1027 1577 nasidianae
1041 1541 1118 1574 naocs
1130 1527 1208 1576 nullo
1217 1527 1276 1578 usui

239 1634 242 1639 ·
281 1619 409 1683 suerunt,
433 1594 594 1678 celeriterque
605 1626 700 1678 pugna
721 1617 889 1673 accesserunt.
907 1637 941 1648 -
960 1606 1050 1675 ltaque
1069 1626 1099 1659 ea
1117 1627 1146 1661 eo
1164 1627 1275 1663 numero

287 1697 395 1749 navium
411 1697 482 1765 nulla
499 1693 643 1746 assiduata
658 1699 712 1757 ests
730 1710 760 1743 ea
774 1693 973 1744 Massiliensium
990 1694 1068 1744 classe
1084 1694 1200 1761 quinque
1214 1703 1274 1748 sunt

241 1772 245 1777 ¹
287 1783 429 1850 depressae.
472 1777 579 1831 cornel.
601 1778 686 1829 Phoe.
709 1776 734 1839 1,
751 1777 776 1826 l.
803 1779 851 1829 etri
868 1796 941 1853 saepe
963 1768 1114 1829 exercitibus
1136 1783 1272 1846 praefuit,

191 1857 194 1860 Α
288 1882 445 1932 summosque
463 1858 636 1933 magistratus
654 1863 738 1930 cepit,
756 1868 842 1913 tamen
858 1863 937 1913 rnulto
959 1863 1012 1913 eius
1027 1865 1110 1913 notior
1127 1864 1275 1934 integritas

287 1950 353 2000 uitae
371 1965 448 2016 quam
462 1949 502 1999 rei
516 1946 738 2021 militarislabor.
773 1946 862 2012 ltaque
879 1947 956 1997 buius
973 1948 1097 2011 memoria
1122 1956 1159 2000 est
1178 1951 1273 2001 nullae

264 2021 266 2026 ,
286 2031 359 2105 illins
380 2037 467 2111 autern
480 2032 677 2117 magnusarna.
711 2031 788 2081 Cart.
804 2029 830 2096 l,
846 2027 873 2094 4,
890 2027 932 2117 23.
950 2031 1019 2098 puori
1042 2029 1200 2098 (sabulum)
1227 2035 1274 2085 nbi

247 2164 252 2173 ,
285 2115 443 2177 cumulatum
465 2122 516 2193 est,
535 2128 691 2184 magnorum
711 2115 813 2197 callium
834 2115 924 2182 procul
946 2115 1040 2183 species
1060 2119 1273 2186 est,·ornniaque

227 2255 229 2259 ,
253 2269 255 2272 y
285 2198 392 2266 pristini
414 2198 512 2249 itineris
532 2199 646 2266 uestigia
663 2197 796 2250 intereunt.
832 2200 918 2265 ltaque
942 2200 985 2266 qui
1008 2206 1139 2250 transeunt
1155 2219 1272 2287 capnpos,

288 2269 470 2350 nauigantiunt
499 2284 572 2334 morio
600 2289 675 2333 noctu
698 2284 786 2333 sirlera
808 2283 954 2346 observant,
980 2284 1016 2334 ud
1037 2301 1143 2350 quarunt
1168 2303 1275 2339 cursum

184 2329 186 2331 ·
228 2413 235 2433 ,y
290 2367 338 2429 iter
353 2367 481 2437 dirigunt.
516 2366 613 2419 Horat.
632 2365 723 2434 Epist.
745 2366 769 2431 l,
785 2365 810 2428 l,
826 2365 865 2418 10.
890 2384 960 2419 nunc
978 2367 1064 2434 itaque
1085 2375 1109 2419 et
1131 2387 1223 2434 versus
1248 2379 1274 2424 et

291 2455 375 2521 cetera
393 2450 494 2504 ludicra
505 2467 580 2519 pono.

324 2549 439 2616 Quintil.
458 2551 483 2617 9,
501 2550 568 2616 4,1.
588 2554 621 2606 rie
637 2551 810 2620 compositione
824 2571 874 2604 non
892 2555 1008 2622 equidem
1027 2563 1084 2621 post
1101 2557 1138 2606 M.
1155 2557 1274 2608 Tullium

292 2618 401 2688 scribere
416 2637 540 2689 auderem
558 2664 607 2699 -‚
625 2638 675 2687 uisi
689 2644 712 2688 et
726 2638 837 2688 eiusdem
851 2641 939 2689 aetatis
953 2640 1066 2690 homines
1083 2668 1117 2676 -
1134 2644 1274 2707 reprelien-

292 2721 353 2771 dere
368 2720 397 2770 iri
412 2720 554 2772 collocandi
564 2737 648 2790 genus
662 2722 718 2770 ausi
728 2722 847 2785 sevissent,
870 2729 895 2772 et
913 2731 973 2789 post
995 2739 1052 2774 eum
1075 2725 1162 2791 plures
1186 2728 1282 2779 multa·

292 2804 327 2854 ad
341 2805 456 2856 eamdem
473 2822 525 2857 reru
540 2805 701 2874 pertinentia
716 2805 854 2854 raemoriae
873 2806 1049 2857 tradidissent.
1083 2809 1176 2874 ltaque
1200 2828 1274 2862 acce-

295 2887 358 2937 dant
375 2860 540 2957 iitplerispne
560 2887 681 2938 Ciceroni.
714 2884 805 2939 'Fecit-
820 2889 885 2955 Agr.
902 2888 943 2946 10.
962 2889 1114 2940 Britanniae
1129 2893 1210 2942 situm
1225 2911 1273 2961 po-

293 2970 417 3036 pulosque
437 2971 525 3023 multis
549 2971 712 3037 scriptoribus
726 2972 905 3043 perarmatos,
933 2991 983 3023 non
1005 2975 1033 3023 in
1055 2977 1274 3040 conparationem

293 3069 370 3114 curae
394 3053 522 3123 ingeniive
544 3057 672 3118 reseram,
698 3053 744 3107 red
761 3054 823 3123 quia
846 3063 901 3111 tura
921 3059 1033 3124 primurn
1053 3058 1201 3124 perdomita
1225 3065 1273 3110 est.

292 3139 382 3204 ltaque
401 3154 466 3205 quae
478 3137 576 3204 priores
593 3137 706 3189 mnrium
723 3147 854 3205 comperta
868 3141 1022 3206 percoluere,
1039 3157 1125 3191 rerum
1138 3143 1199 3205 fide
1217 3151 1275 3194 tra-

294 3223 393 3273 dentur.
444 3217 585 3270 Walehius
607 3219 680 3270 male
701 3219 895 3288 interpretatur
919 3230 943 3274 et
967 3224 1013 3274 ita.
1059 3223 1173 3289 Quintil.
1198 3225 1224 3290 6,
1247 3225 1274 3290 3,

293 3302 352 3356 1⁰1.
377 3305 426 3355 itas
447 3310 494 3353 aut
520 3306 607 3372 accepi
629 3313 674 3356 aut
698 3306 783 3387 inueni
804 3308 1042 3376 frequentissimas,
1067 3327 1097 3359 ea·
1122 3311 1212 3376 quibus
1235 3311 1273 3360 ri-

183 3377 185 3383 ’
259 3438 261 3442 ,
297 3387 387 3438 alicula
408 3387 575 3437 ducerentur:
602 3388 646 3440 sed
666 3397 780 3456 repetam
804 3407 900 3442 neeesse
920 3398 974 3456 est,
999 3393 1116 3457 infinitas
1139 3411 1190 3444 esse
1216 3400 1270 3444 tam

293 3470 361 3522 salse
385 3471 485 3521 dicendi
508 3489 586 3536 quam
607 3486 708 3525 severe:
732 3490 798 3539 quas
812 3481 932 3541 praestat
949 3463 1074 3543 persiae,
1101 3480 1180 3540 locas,
1205 3485 1271 3528 tenr-

291 3570 359 3621 pus‚
378 3569 451 3604 casru
465 3555 579 3621 denique,
597 3558 640 3623 qui
656 3564 691 3608 est
705 3558 815 3608 arnume
829 3560 926 3609 uarius.
959 3561 1046 3626 ltaque
1062 3563 1135 3624 baec,
1155 3577 1187 3611 ae
1205 3561 1275 3610 orni·

290 3638 352 3689 sisse
367 3638 474 3701 uiderer,
498 3640 594 3708 attigi,
614 3641 663 3691 illa
686 3649 770 3691 autem
790 3669 825 3681 -
841 3643 906 3694 aclea
926 3643 1049 3708 infirma,
1070 3647 1114 3696 seat
1127 3646 1207 3714 plone
1228 3662 1276 3696 nc-

293 3723 416 3792 cessaria.
448 3721 560 3773 Sallust.
576 3722 635 3774 cot.
650 3721 693 3786 41,
708 3724 732 3775 3.
750 3726 813 3778 lraec
830 3727 884 3777 illis
907 3728 1059 3780 volventibus
1083 3732 1191 3782 tandem
1207 3731 1278 3787 ¹vicit

186 3846 189 3854 .
264 3864 265 3867 Ἴ
288 3806 401 3869 fortuna
417 3806 455 3856 rei
472 3807 599 3874 publicae.
634 3805 725 3875 ltaque
751 3811 781 3873 Q.
797 3809 879 3861 labio
905 3812 1064 3880 Sangae-
1084 3830 1140 3865 rem
1164 3826 1278 3877 ornnem,

288 3885 334 3960 'uti
351 3897 531 3957 cognoverant,
555 3890 687 3958 aperiunt.
708 3891 726 3942 i.
742 3909 765 3942 e.
787 3892 844 3943 rlern
860 3911 893 3944 aa
910 3895 1000 3962 Folge.

328 3985 444 4069 Quintil.
463 3990 489 4054 1,
504 3989 529 4056 5,
544 3989 587 4044 at.
612 4000 746 4066 practerea
760 4010 899 4063 numquam
917 3996 944 4056 in
957 3998 1045 4051 eadem
1060 3998 1131 4064 ,liena
1144 4001 1168 4050 et
1185 4005 1281 4060 acuta,
