2632 4770
519 224 632 293 tttttr.
664 226 782 297 ΉΕΜ.
1130 234 1172 294 47

236 387 348 441 Terent.
362 382 461 447 ΑΜ,
481 380 635 446 l,19..su.
671 379 812 446 Osneiuus
827 376 976 446 indiguum.
1008 392 1057 431 an.
1086 381 1174 437 Gemi.

192 473 277 538 nabit,
293 470 346 522 aiei
361 485 440 521 caves.
476 482 517 517 se.
547 466 598 516 Hei
620 462 710 516 misera
733 463 807 514 anibi.
842 461 984 547 Bendeius
1006 480 1090 530 quum
1112 483 1175 520 ver-

188 575 248 611 sum
270 555 401 608 laborare
419 555 447 602 et
463 549 492 602 in
507 546 647 601 codicibus
663 547 719 600 ulia
731 544 792 615 legi
805 532 937 610 vidisset,
956 546 1079 615 scripsitr
1100 570 1116 605 o
1125 558 1177 622 sa·

189 645 265 696 ciuus
281 636 476 694 miserandum!
504 633 671 698 Geminabit,
688 630 739 685 nisi
754 647 837 685 eoum.
860 629 915 684 Ha·
928 631 1069 690 ausuum
1096 637 1176 706 Quod

187 728 225 782 ab
244 725 359 795 antiquo
376 731 427 775 usu
443 720 584 773 abhorret·

205 855 238 915 7·
260 846 356 914 Haud
374 865 450 908 raro
475 845 585 931 pergit
611 840 719 905 oratio
746 859 807 927 per
827 835 906 913 sed,
928 847 966 924 ut
990 839 1174 916 interiectio

127 945 216 1002 extra
234 931 496 1000 enuntiationem
512 938 672 1016 ponatur.

226 1055 296 1108 Stat·
311 1052 400 1104 Theb·
416 1049 459 1114 lt,
468 1046 529 1101 att.
555 1049 598 1099 bei
610 1048 683 1102 mibi.
701 1049 747 1102 sed
761 1056 855 1120 pusato
868 1049 999 1104 deseendit
1010 1051 1104 1104 umarus
1118 1053 1186 1113 bio«

189 1147 228 1194 tu·
263 1138 334 1190 suv.
348 1134 375 1201 ⁵,
390 1135 417 1199 ²,
434 1133 493 1187 rso.
512 1133 555 1186 aa
568 1132 642 1188 aru.
659 1136 705 1190 aa
728 1145 811 1192 caan
823 1133 910 1192 satura
929 1136 952 1190 a
962 1141 1036 1206 soree
1049 1137 1116 1191 aaa
1132 1166 1176 1202 -,

189 1232 219 1279 tu
234 1225 333 1289 teate,
351 1221 483 1290 Crispiue,
504 1217 580 1273 mibi.

513 1397 515 1400 ⁴
542 1368 743 1458 HEIA.

214 1523 288 1590 tide
306 1523 345 1590 in
366 1537 436 1586 ura.
465 1517 567 1584 Tum.
584 1523 616 1584 2.
638 1541 673 1605 p.
693 1524 768 1586 362.

551 1688 734 1777 ΗΕΜ.

218 1840 424 1926 Quamquam
442 1838 705 1921 interiectioues,
726 1837 776 1902 uti
790 1836 866 1911 iam
891 1837 1036 1926 Scaliger
1055 1839 1176 1917 docuit,

161 1920 220 1988 nihil
234 1938 319 1991 certa
335 1927 473 1990 notione
490 1923 696 2011 significant,
718 1922 776 1988 sed
792 1933 889 1987 notae
904 1936 979 1990 sunt
1002 1923 1177 1995 affectuum

162 2011 250 2092 animi,
283 2011 445 2098 quaedam
472 2021 601 2087 tamen,
632 2032 735 2096 quum
758 2007 914 2075 vocabula
936 2009 1019 2084 fiant
1037 2021 1069 2074 et
1094 2034 1177 2099 pro·
1210 2083 1213 2086 ‚

160 2098 342 2177 nuntientur,
370 2107 522 2161 naturam
551 2095 742 2160 nominibus
774 2107 945 2181 cognatam
972 2097 1006 2160 iu
1030 2117 1065 2161 se
1087 2099 1177 2162 reci·
1218 2120 1220 2125 ⁴

160 2179 229 2266 piuut
243 2184 307 2263 ita,
329 2192 365 2245 ut
383 2203 484 2245 unam
508 2203 583 2245 cum
613 2179 806 2245 nominibus
825 2202 1049 2247 ¹communem
1073 2183 1175 2270 origi-

160 2284 215 2329 nem
227 2267 285 2331 sibi
302 2267 477 2346 vindicent,
493 2265 548 2331 aut
565 2266 625 2330 aiia
639 2268 674 2333 iu
695 2264 793 2331 verba
808 2275 993 2332 transeant:
1016 2268 1182 2378 ι]ἰιεῐζιαι1-,Ι

160 2352 270 2416 nudum
288 2374 348 2433 eu,
372 2375 458 2440 euge
475 2353 669 2439 cognatione
690 2352 855 2440 attingunt
869 2375 994 2418 nomen
1012 2375 1065 2435 ea,
1085 2377 1127 2418 en
1146 2364 1179 2420 et

162 2456 212 2502 eece
234 2440 393 2503 elementa
418 2439 577 2524 praebent
604 2436 783 2517 adverbiis,
813 2457 882 2521 pro
912 2439 1114 2525 praepositio
1144 2449 1178 2503 et

159 2539 205 2605 pro
222 2524 404 2588 interiectio
433 2523 527 2588 unius
555 2532 632 2584 sunt
654 2522 792 2608 generis.
849 2525 956 2608 Atque
984 2522 1049 2586 hoe
1074 2525 1176 2589 modo

117 2653 124 2666 .
161 2601 199 2689 it,
225 2620 260 2672 ut
287 2610 382 2691 bem,
421 2608 502 2672 beus
526 2628 604 2672 eum
636 2606 888 2694 pronominibus
914 2607 1178 2674 demonstrativis
1214 2616 1217 2621 ⁴

161 2696 329 2778 cognatione
353 2695 545 2778 iungantur:
569 2713 678 2779 neque
700 2712 783 2777 opus
809 2703 875 2774 est,
898 2703 935 2756 ut
957 2715 1033 2757 cum
1056 2695 1177 2759 Vossio

114 2784 116 2829 :
162 2775 190 2838 ud
200 2777 375 2843 hebraicam
393 2779 643 2866 originationem
659 2775 894 2864 regrediamur.
936 2777 1024 2843 Hem
1039 2779 1105 2845 sive
1125 2802 1179 2844 em

163 2865 247 2928 sensui
262 2866 363 2930 animi
380 2865 447 2928 vim
473 2864 766 2928 demonstrativam
790 2863 901 2942 debet,
926 2885 1025 2948 quam
1049 2866 1179 2930 intelie-

116 2964 119 2973 ·
148 2955 200 3011 -au
217 2959 248 3012 et
268 2951 405 3015 notione
437 2948 711 3036 comprehensam
735 2960 899 3035 occupant
923 2971 998 3012 eum
1022 2960 1054 3012 et
1078 2952 1178 3032 bunc,

163 3033 228 3116 quod
243 3047 311 3100 erat
323 3037 451 3099 brumae.
493 3035 536 3098 Et
554 3034 626 3098 Irim
643 3034 797 3098 dixerunt
810 3044 932 3099 veteres
948 3057 1010 3120 pro
1027 3035 1124 3116 binc,
1147 3032 1185 3101 et'
1205 3052 1207 3057 '

163 3137 212 3202 em,
231 3121 320 3208 quod
335 3110 448 3186 Festus
463 3130 576 3183 narrat
589 3119 712 3185 dietum
729 3142 798 3184 esse
815 3143 877 3207 pro
894 3131 982 3200 tum,
1005 3136 1073 3185 nou
1098 3121 1179 3185 alie-

162 3216 331 3272 rumesta
355 3205 564 3294 pronominis
588 3205 708 3293 stirpe,
740 3206 797 3270 sed
819 3205 998 3293 respondet
1023 3206 1179 3270 aecusati-

161 3304 279 3355 ruerem.

220 3376 287 3442 Nos
308 3378 343 3441 in
368 3374 546 3456 haevoee,
567 3376 619 3438 cui
641 3375 845 3463 grammatici
868 3375 990 3440 variam
1013 3375 1179 3464 siguifica-

162 3453 265 3526 tiuuem
279 3461 482 3543 tribuerunt,
504 3460 630 3547 duplex
644 3482 744 3545 genus
763 3460 919 3545 orationis
936 3460 1178 3548 distinguimus,

162 3561 281 3624 quorum
315 3547 454 3611 alterum
484 3547 609 3611 maiora
640 3546 740 3610 animi
771 3545 974 3610 affectatione
1003 3548 1179 3633 praevalet.
1254 3612 1258 3620 ,

161 3625 326 3717 ttapirario
350 3643 479 3709 autem,
505 3653 603 3718 quam
626 3630 798 3696 scribendo
822 3641 946 3694 veteres
969 3653 1065 3717 saepe
1090 3633 1180 3696 ouri-

162 3730 271 3797 serunt,
291 3718 387 3781 sicuti
410 3717 515 3809 Maius
530 3715 632 3782 refert
652 3739 687 3780 se
707 3717 742 3781 in
765 3715 983 3803 palimpsestis
1008 3739 1060 3779 em
1081 3740 1181 3805 repe-

162 3796 239 3882 risse,
258 3803 531 3888 pronuntiatione
548 3825 679 3889 semper
694 3812 819 3866 servata
835 3824 903 3866 esse
922 3801 1058 3866 videtur.
1089 3805 1182 3889 Apu·

162 3876 224 3948 leius
236 3887 275 3951 de
291 3899 369 3952 nota
387 3876 613 3970 adspirationis
632 3892 682 3952 16.
705 3886 923 3974 adspiramus
939 3898 1019 3950 unte
1033 3905 1054 3951 Ε
1070 3887 1108 3951 ia
1123 3888 1180 3951 in-

162 3971 336 4060 teriectione
351 3970 619 4061 significationis
631 3973 756 4060 gratia
764 4019 775 4050 ,
797 3973 886 4038 sieut
905 3971 996 4038 alius
1012 3971 1179 4060 quasdam

162 4059 400 4125 tuteriectionea.
1041 4093 1043 4098 ·
