2632 4770
196 247 260 331 ⁵⁸2
584 228 868 297 MAGNOPERE.

269 393 313 459 31.
328 394 354 458 1,
371 392 458 457 8-‚neo
475 389 567 443 deinde
581 387 655 452 alio,
671 402 738 454 quae
752 384 894 447 tradatur,
912 398 1073 452 magnopere
1095 397 1267 451 gemmarum

273 481 382 533 clusiles
402 454 484 549 eperat
507 475 578 545 opud
599 479 723 524 auctores.
758 467 801 531 1⁰,
816 466 843 531 2,
856 467 882 519 2.
902 485 982 519 uuum
1007 469 1036 518 in
1059 472 1114 518 toto
1135 467 1202 519 orbe
1225 482 1269 517 neo

275 565 359 616 uisum
378 575 542 630 magnopere.
570 555 588 607 i.
604 572 628 605 e.
655 555 726 604 niobe
748 554 827 605 leicbt
845 553 968 621 gesebepc
995 551 1066 619 quod
1091 548 1200 602 dicitnr
1221 566 1270 616 pro

269 651 384 714 sortasse
397 642 546 708 numquam.
583 639 694 691 Sueten.
712 637 746 688 de
764 638 887 689 Gremm.
906 637 932 688 1.
951 637 1013 689 rudi
1029 636 1125 688 coelicet
1140 653 1176 687 uc
1195 637 1256 687 belli

276 750 335 784 cosa
349 732 430 783 etium
446 732 501 780 lum
516 724 633 787 ciuitate,
649 723 757 777 necdum
771 726 927 793 magnopere
949 721 1100 781 liberalibus
1125 720 1272 794 disciplinis

277 821 394 868 vacante.

315 911 430 983 Quintil.
445 910 471 975 9,
486 909 514 973 2,
530 908 574 961 98.
587 911 712 976 frequens
726 906 793 959 illud
807 913 853 971 est,
869 924 916 958 mec
925 923 1084 976 magnopere
1097 907 1271 975 captandum.

278 997 335 1053 Hic
357 990 448 1049 sensus
470 1011 528 1047 esse
551 996 655 1061 polest:
683 1008 732 1058 per
751 1008 781 1042 se
804 991 920 1043 offertur
947 1009 997 1043 nec
1027 992 1084 1043 ullo
1112 999 1200 1058 pacto
1234 997 1272 1044 est

277 1072 440 1150 captandum
447 1099 456 1155 ,³
490 1078 538 1132 sed
568 1076 633 1132 licet
658 1075 743 1127 etiam
773 1076 926 1145 explicares
962 1092 1019 1149 nec¹
1044 1092 1147 1145 magno
1183 1074 1271 1130 studio

278 1152 451 1237 captandum
463 1164 474 1239 ¹¹
932 1168 936 1173 ’

313 1268 375 1321 mv.
388 1265 433 1335 4⁰,
452 1264 496 1329 5⁰,
513 1262 540 1318 3.
558 1281 604 1316 mec
620 1264 694 1341 eliud
711 1278 878 1332 magnopere,
894 1280 926 1314 me
942 1263 1020 1316 uictos
1036 1264 1164 1327 crederes,
1178 1263 1271 1332 secisse

246 1412 260 1431 Ι,
282 1350 426 1421 Romanos,
442 1351 494 1403 miei
510 1349 578 1418 quod
590 1356 695 1419 postero,
708 1347 751 1400 die
765 1340 923 1400 lacessierinl
933 1349 1033 1418 proelio
1049 1355 1191 1401 monentes
1207 1349 1273 1403 incra

246 1434 250 1441 “
283 1438 391 1490 nullum.

244 1556 262 1589 .·
319 1535 521 1602 Liv.1‚17‚l.
538 1534 600 1603 quio
615 1551 689 1586 memo
711 1550 870 1602 magnopere
887 1533 1013 1585 eminebat
1034 1534 1062 1583 in
1082 1549 1148 1585 novo
1168 1516 1275 1602 popule.

283 1623 345 1675 Hoc
361 1630 403 1675 est
415 1624 478 1703 puell
489 1623 518 1673 im
532 1620 590 1670 dem
602 1618 799 1688 neugebildeten
819 1617 895 1668 Volke
911 1618 984 1668 nicht
1000 1618 1077 1668 leiebt
1085 1617 1210 1682 jemomd'
1221 1618 1275 1671 ber·

219 1716 227 1737 ⁴
257 1754 260 1759 .
285 1713 394 1763 murac.
416 1705 504 1773 ‚Male
520 1702 649 1757 redderes
665 1703 736 1754 m'clu
751 1703 812 1755 sebo
825 1702 880 1752 sicle
897 1701 1082 1756 aaszeicleoete.

303 1854 520 1943 &Negetivis
537 1855 723 1931 sententiis,
745 1854 793 1917 uti
809 1854 843 1920 in
862 1853 931 1917 aliis
949 1852 1065 1932 rebus,
1088 1853 1136 1916 ite
1160 1852 1199 1916 in
1218 1852 1275 1919 hnc

220 1950 354 2030 quoq'ue
374 1938 553 2007 verborum
573 1938 834 2026 compositione,
858 1938 1008 2025 aequales
1025 1948 1101 2000 sunt
1125 1938 1276 2003 interro·

220 2022 564 2115 geciones,‘sive'recte
581 2026 615 2089 in
634 2025 784 2090 oratioue
800 2026 867 2090 sive
883 2023 1063 2110 inoblique
1079 2023 1201 2089 locum
1218 2025 1276 2088 ob·

220 2116 339 2179 tinent.
372 2140 375 2145 ¹
419 2182 422 2187 ,
470 2112 475 2121 ’
737 2126 740 2131 ·
960 2164 963 2169 .

326 2222 385 2283 cie.
406 2220 533 2299 iuvere.
549 2227 575 2293 5,
589 2226 633 2307 41,
651 2228 711 2283 1⁰7.
744 2230 821 2297 quid,
848 2229 971 2295 inquam,
1000 2243 1164 2298 magnopere
1193 2228 1277 2300 potorii

292 2316 437 2369 Cleomenes
443 2319 534 2385 secere
547 2315 622 2385 lelius
636 2313 750 2367 avaritie
766 2313 872 2365 nauibus
886 2312 1048 2365 exinanitis?

308 2470 340 2530 9.
373 2465 553 2529 Palmerius
581 2467 617 2529 in
646 2464 798 2562 Spicileg.
824 2485 858 2549 p.
877 2466 950 2528 708.
974 2465 1105 2529 Gruter.
1132 2464 1277 2531 demon-

224 2558 328 2615 strare
352 2561 489 2614 conatus
515 2561 585 2630 est,
611 2551 744 2613 Leimos
767 2559 800 2611 et
823 2570 923 2633 opere
947 2561 978 2612 et
1000 2573 1133 2636 niagno
1159 2552 1279 2617 dixisse

223 2659 287 2724 pro
309 2659 439 2722 magno
465 2659 531 2700 ere.
592 2636 659 2698 Nec
684 2644 793 2697 tamen
818 2635 991 2719 quisquam
1015 2637 1215 2720 contendet,
1238 2637 1280 2718 id,

225 2723 315 2808 quod
332 2722 403 2806 ipsa
417 2658 474 2807 illle
491 2720 649 2786 vocabule
664 2740 724 2805 per
741 2741 775 2782 sc
793 2719 952 2802 efficiunt,
974 2718 1099 2784 fecium
1124 2745 1198 2787 esse
1216 2746 1279 2786 no·

224 2808 324 2871 minis
341 2806 523 2895 compositi¹
543 2804 768 2869 dissolutione.
813 2806 930 2869 Omnis
951 2828 1030 2869 vero
1052 2805 1135 2871 heee
1164 2810 1280 2895 opinio

224 2901 301 2956 nato
336 2901 385 2955 est
419 2890 727 2974 eii-corruptorum
756 2890 905 2955 locorum
938 2914 1093 2978 perversa
1131 2916 1281 2959 censura.

227 2974 555 3041 Scribendum'enim
579 2974 634 3040 ille
660 2974 796 3061 putebat
818 2977 853 3041 in
878 2975 983 3040 Plauti
1006 2976 1105 3040 Teuc.
1130 2985 1164 3059 2,
1180 2986 1213 3060 7,
1230 2984 1281 3044 28.

227 3063 327 3126 iussit
360 3084 462 3148 opere
490 3080 590 3123 orere
616 3083 678 3147 pro
713 3061 813 3139 iussit
845 3083 998 3145 operare.
1051 3062 1117 3126 Sed
1151 3076 1283 3129 constat

226 3157 372 3211 metrum
392 3144 496 3208 verbis
517 3144 616 3207 iussit
633 3167 743 3209 orare.
788 3145 826 3209 In
851 3146 919 3209 Cic.
944 3147 982 3209 ed
1003 3149 1067 3210 Act.
1091 3153 1124 3228 4,
1148 3157 1197 3216 11.
1223 3175 1283 3214 co·

227 3230 314 3295 dices
334 3228 508 3294 exhibent:
536 3252 598 3314 ego
625 3253 756 3293 mecum
775 3238 921 3315 praeter
946 3230 1156 3319 Dionysium
1180 3235 1284 3300 eduxi

227 3317 415 3382 neminem:
439 3337 499 3377 nec
515 3325 625 3377 metuo
644 3327 778 3388 tumen,
802 3339 845 3378 ne
861 3316 947 3384 nzibi
961 3340 1071 3382 sermo
1089 3319 1198 3385 desit.-
1222 3321 1282 3385 abs

228 3413 261 3466 te
279 3414 381 3485 opere
400 3396 557 3462 delector.
604 3401 696 3479 Quae
713 3421 781 3461 non
803 3411 869 3464 tem
891 3402 1068 3490 corruple,
1118 3427 1194 3470 uem
1218 3406 1279 3468 nli-

229 3485 347 3572 quibus
370 3482 477 3547 verbis
509 3483 661 3547 destitute
685 3483 846 3549 videntur.
898 3485 990 3550 ldem
1018 3488 1072 3552 ille
1095 3428 1279 3554 [l’alrnerius

228 3568 317 3656 opud
345 3567 494 3632 Plautum
526 3569 623 3632 verbs
656 3569 793 3647 Trucul.
817 3573 848 3649 5,
872 3572 924 3635 53.
963 3573 1036 3636 iam
1066 3575 1176 3639 berele
1205 3577 1284 3639 iam

227 3675 358 3740 magno
383 3665 420 3717 tu
447 3654 573 3738 copula
604 3654 655 3717 eir
685 3667 858 3734 strenuus,
889 3657 1127 3744 interpretetur
1156 3662 1286 3749 vapula

226 3760 454 3826 magnopere:
478 3738 576 3824 idque
593 3739 713 3802 Poceus
736 3741 913 3827 proprium
941 3765 1010 3806 esse
1034 3745 1203 3810 existimat
1228 3770 1287 3811 ru-

228 3825 327 3922 stiene
343 3823 377 3888 lo
403 3824 504 3888 uelne.
549 3826 591 3887 At
608 3823 705 3888 verbe
724 3847 792 3888 esse
812 3831 941 3913 penitus
966 3840 1123 3915 corrupte
1144 3834 1286 3919 quisque

228 3908 326 4006 videt.
417 3910 470 3972 ine
503 3908 654 3974 codicum
687 3911 809 3979 auxilio
841 3911 897 3975 vix
926 3914 1199 3983 submovebimus
1237 3920 1288 3983 vi·

228 4005 312 4060 tium
332 4004 434 4061 vetus.
