<?xml version="1.0" encoding="UTF-8"?>
<!DOCTYPE html PUBLIC "-//W3C//DTD XHTML 1.0 Transitional//EN"
    "http://www.w3.org/TR/xhtml1/DTD/xhtml1-transitional.dtd">
<html xmlns="http://www.w3.org/1999/xhtml" xml:lang="en" lang="en">
 <head>
  <title>
</title>
<meta http-equiv="Content-Type" content="text/html;charset=utf-8" />
  <meta name='ocr-system' content='tesseract 3.04.00' />
  <meta name='ocr-capabilities' content='ocr_page ocr_carea ocr_par ocr_line ocrx_word'/>
</head>
<body>
  <div class='ocr_page' id='page_1' title='image "./tursellinusseud01handgoog_0023.png"; bbox 0 0 2654 4770; ppageno 0'>
   <div class='ocr_carea' id='block_1_1' title="bbox 540 211 1119 290">
    <p class='ocr_par' dir='ltr' id='par_1_1' title="bbox 540 211 1119 290">
     <span class='ocr_line' id='line_1_1' title="bbox 540 211 1119 290; baseline 0.007 -4"><span class='ocrx_word' id='word_1_1' title='bbox 540 222 668 287; x_wconf 72' lang='lat' dir='ltr'><strong><em>nevo.</em></strong></span> <span class='ocrx_word' id='word_1_2' title='bbox 1082 211 1119 290; x_wconf 74' lang='lat'><strong><em>1⁵</em></strong></span> 
     </span>
    </p>
   </div>
   <div class='ocr_carea' id='block_1_2' title="bbox 76 373 1121 959">
    <p class='ocr_par' dir='ltr' id='par_1_2' title="bbox 76 373 1121 959">
     <span class='ocr_line' id='line_1_2' title="bbox 81 373 1121 461; baseline -0.006 -12"><span class='ocrx_word' id='word_1_3' title='bbox 81 385 336 449; x_wconf 73' lang='lat' dir='ltr'><strong><em>demonstraret.</em></strong></span> <span class='ocrx_word' id='word_1_4' title='bbox 379 378 485 440; x_wconf 89' lang='lat' dir='ltr'><strong><em>Nemo</em></strong></span> <span class='ocrx_word' id='word_1_5' title='bbox 499 385 627 456; x_wconf 83' lang='lat' dir='ltr'><strong><em>tamen,</em></strong></span> <span class='ocrx_word' id='word_1_6' title='bbox 649 375 681 438; x_wconf 89' lang='lat' dir='ltr'><strong><em>id</em></strong></span> <span class='ocrx_word' id='word_1_7' title='bbox 700 373 789 461; x_wconf 89' lang='lat' dir='ltr'><strong><em>quod</em></strong></span> <span class='ocrx_word' id='word_1_8' title='bbox 809 376 1026 445; x_wconf 74' lang='lat' dir='ltr'><strong><em>necessarium</em></strong></span> <span class='ocrx_word' id='word_1_9' title='bbox 1044 391 1121 455; x_wconf 80' lang='lat' dir='ltr'><strong><em>eret,</em></strong></span> 
     </span>
     <span class='ocr_line' id='line_1_3' title="bbox 83 459 1121 557; baseline -0.015 -23"><span class='ocrx_word' id='word_1_10' title='bbox 83 471 256 557; x_wconf 70' lang='lat' dir='ltr'><strong><em>exposuit,</em></strong></span> <span class='ocrx_word' id='word_1_11' title='bbox 280 464 455 548; x_wconf 76' lang='lat' dir='ltr'><strong><em>quomodo</em></strong></span> <span class='ocrx_word' id='word_1_12' title='bbox 474 459 511 524; x_wconf 85' lang='lat' dir='ltr'><strong><em>od</em></strong></span> <span class='ocrx_word' id='word_1_13' title='bbox 536 464 570 525; x_wconf 89' lang='lat' dir='ltr'><strong><em>in</em></strong></span> <span class='ocrx_word' id='word_1_14' title='bbox 594 471 638 537; x_wconf 78' lang='lat' dir='ltr'><strong><em>air.</em></strong></span> <span class='ocrx_word' id='word_1_15' title='bbox 662 461 784 524; x_wconf 81' lang='lat' dir='ltr'><strong><em>mutari</em></strong></span> <span class='ocrx_word' id='word_1_16' title='bbox 804 462 966 547; x_wconf 51' lang='lat' dir='ltr'><strong><em>potuerit⁸¹</em></strong></span> <span class='ocrx_word' id='word_1_17' title='bbox 1011 468 1121 546; x_wconf 70' lang='lat' dir='ltr'><strong><em>Quare</em></strong></span> 
     </span>
     <span class='ocr_line' id='line_1_4' title="bbox 83 544 1120 632; baseline -0.016 -13"><span class='ocrx_word' id='word_1_18' title='bbox 83 556 165 620; x_wconf 86' lang='lat' dir='ltr'><strong><em>Scali</em></strong></span> <span class='ocrx_word' id='word_1_19' title='bbox 192 552 278 617; x_wconf 86' lang='lat' dir='ltr'><strong><em>orde</em></strong></span> <span class='ocrx_word' id='word_1_20' title='bbox 290 550 401 614; x_wconf 77' lang='lat' dir='ltr'><strong><em>Cnosis</em></strong></span> <span class='ocrx_word' id='word_1_21' title='bbox 418 549 497 632; x_wconf 84' lang='lat' dir='ltr'><strong><em>ling.</em></strong></span> <span class='ocrx_word' id='word_1_22' title='bbox 513 548 569 610; x_wconf 84' lang='lat' dir='ltr'><strong><em>let.</em></strong></span> <span class='ocrx_word' id='word_1_23' title='bbox 586 569 613 609; x_wconf 91' lang='lat' dir='ltr'><strong><em>c.</em></strong></span> <span class='ocrx_word' id='word_1_24' title='bbox 625 552 677 609; x_wconf 51' lang='lat'><strong><em>221.</em></strong></span> <span class='ocrx_word' id='word_1_25' title='bbox 697 544 858 628; x_wconf 76' lang='lat' dir='ltr'><strong>originem</strong></span> <span class='ocrx_word' id='word_1_26' title='bbox 870 549 910 610; x_wconf 82' lang='lat' dir='ltr'><strong><em>ad</em></strong></span> <span class='ocrx_word' id='word_1_27' title='bbox 924 551 1120 615; x_wconf 76' lang='lat' dir='ltr'><strong><em>vocabulum</em></strong></span> 
     </span>
     <span class='ocr_line' id='line_1_5' title="bbox 79 631 1120 717; baseline -0.006 -13"><span class='ocrx_word' id='word_1_28' title='bbox 79 664 153 704; x_wconf 74' lang='lat' dir='ltr'><strong><em>nvnc</em></strong></span> <span class='ocrx_word' id='word_1_29' title='bbox 182 637 298 702; x_wconf 84' lang='lat' dir='ltr'>reduci</span> <span class='ocrx_word' id='word_1_30' title='bbox 329 635 485 697; x_wconf 79' lang='lat' dir='ltr'><strong><em>hactenus</em></strong></span> <span class='ocrx_word' id='word_1_31' title='bbox 514 632 647 711; x_wconf 86' lang='lat' dir='ltr'><strong><em>meluit,</em></strong></span> <span class='ocrx_word' id='word_1_32' title='bbox 678 631 786 717; x_wconf 85' lang='lat' dir='ltr'><strong><em>quoad</em></strong></span> <span class='ocrx_word' id='word_1_33' title='bbox 817 635 924 696; x_wconf 81' lang='lat' dir='ltr'><strong><em>onsnis</em></strong></span> <span class='ocrx_word' id='word_1_34' title='bbox 950 633 1120 699; x_wconf 84' lang='lat' dir='ltr'><strong><em>disiunctio</em></strong></span> 
     </span>
     <span class='ocr_line' id='line_1_6' title="bbox 77 716 1121 814; baseline -0.01 -24"><span class='ocrx_word' id='word_1_35' title='bbox 77 728 149 790; x_wconf 83' lang='lat' dir='ltr'><strong><em>vim</em></strong></span> <span class='ocrx_word' id='word_1_36' title='bbox 166 724 329 787; x_wconf 78' lang='lat' dir='ltr'><strong><em>obtineret·</em></strong></span> <span class='ocrx_word' id='word_1_37' title='bbox 344 719 539 806; x_wconf 76' lang='lat' dir='ltr'>negationis.</span> <span class='ocrx_word' id='word_1_38' title='bbox 582 716 681 796; x_wconf 86' lang='lat' dir='ltr'><strong><em>Quod</em></strong></span> <span class='ocrx_word' id='word_1_39' title='bbox 697 719 805 814; x_wconf 85' lang='lat' dir='ltr'><strong><em>ipsum</em></strong></span> <span class='ocrx_word' id='word_1_40' title='bbox 820 717 940 780; x_wconf 85' lang='lat' dir='ltr'><strong><em>falsum</em></strong></span> <span class='ocrx_word' id='word_1_41' title='bbox 955 729 1020 783; x_wconf 84' lang='lat' dir='ltr'><strong><em>est:</em></strong></span> <span class='ocrx_word' id='word_1_42' title='bbox 1044 743 1121 784; x_wconf 85' lang='lat' dir='ltr'><strong><em>nam</em></strong></span> 
     </span>
     <span class='ocr_line' id='line_1_7' title="bbox 76 801 1120 894; baseline -0.006 -19"><span class='ocrx_word' id='word_1_43' title='bbox 76 809 222 886; x_wconf 87' lang='lat' dir='ltr'><strong><em>iudicio,</em></strong></span> <span class='ocrx_word' id='word_1_44' title='bbox 247 805 336 892; x_wconf 87' lang='lat' dir='ltr'><strong><em>quod</em></strong></span> <span class='ocrx_word' id='word_1_45' title='bbox 356 804 509 890; x_wconf 85' lang='lat' dir='ltr'><strong><em>disiungit</em></strong></span> <span class='ocrx_word' id='word_1_46' title='bbox 519 851 529 885; x_wconf 92' lang='lat'>‚</span> <span class='ocrx_word' id='word_1_47' title='bbox 546 812 655 889; x_wconf 84' lang='lat' dir='ltr'><strong><em>partes</em></strong></span> <span class='ocrx_word' id='word_1_48' title='bbox 678 801 810 867; x_wconf 74' lang='lat' dir='ltr'><strong><em>alicuius</em></strong></span> <span class='ocrx_word' id='word_1_49' title='bbox 825 805 970 868; x_wconf 85' lang='lat' dir='ltr'><strong><em>notionis</em></strong></span> <span class='ocrx_word' id='word_1_50' title='bbox 983 817 1120 894; x_wconf 77' lang='lat' dir='ltr'><strong><em>separat,</em></strong></span> 
     </span>
     <span class='ocr_line' id='line_1_8' title="bbox 77 892 431 959; baseline -0.031 1"><span class='ocrx_word' id='word_1_51' title='bbox 77 892 269 959; x_wconf 84' lang='lat' dir='ltr'><strong><em>nontoilit.</em></strong></span> <span class='ocrx_word' id='word_1_52' title='bbox 428 893 431 899; x_wconf 77' lang='grc'>’</span> 
     </span>
    </p>
   </div>
   <div class='ocr_carea' id='block_1_3' title="bbox 112 1002 1125 2085">
    <p class='ocr_par' dir='ltr' id='par_1_3' title="bbox 112 1002 1125 2085">
     <span class='ocr_line' id='line_1_9' title="bbox 186 1002 1120 1084; baseline -0.004 -18"><span class='ocrx_word' id='word_1_53' title='bbox 186 1011 258 1066; x_wconf 76' lang='lat' dir='ltr'><strong><em>Mss-</em></strong></span> <span class='ocrx_word' id='word_1_54' title='bbox 275 1009 376 1078; x_wconf 77' lang='lat' dir='ltr'><strong><em>Victor.</em></strong></span> <span class='ocrx_word' id='word_1_55' title='bbox 392 1028 418 1077; x_wconf 88' lang='lat' dir='ltr'><strong><em>p.</em></strong></span> <span class='ocrx_word' id='word_1_56' title='bbox 433 1002 509 1060; x_wconf 69' lang='lat' dir='ltr'><strong><em>tion.</em></strong></span> <span class='ocrx_word' id='word_1_57' title='bbox 525 1005 620 1060; x_wconf 77' lang='lat' dir='ltr'><strong><em>isauri</em></strong></span> <span class='ocrx_word' id='word_1_58' title='bbox 633 1005 783 1061; x_wconf 76' lang='lat' dir='ltr'><em>adverbium</em></span> <span class='ocrx_word' id='word_1_59' title='bbox 795 1009 929 1084; x_wconf 75' lang='lat' dir='ltr'><strong><em>negandi:</em></strong></span> <span class='ocrx_word' id='word_1_60' title='bbox 947 1017 972 1063; x_wconf 86' lang='lat' dir='ltr'><strong><em>et</em></strong></span> <span class='ocrx_word' id='word_1_61' title='bbox 986 1010 1120 1080; x_wconf 81' lang='lat' dir='ltr'><strong><em>significat</em></strong></span> 
     </span>
     <span class='ocr_line' id='line_1_10' title="bbox 152 1087 1122 1163; baseline -0.001 -13"><span class='ocrx_word' id='word_1_62' title='bbox 152 1098 222 1150; x_wconf 81' lang='lat' dir='ltr'><strong><em>idem</em></strong></span> <span class='ocrx_word' id='word_1_63' title='bbox 241 1097 307 1163; x_wconf 76' lang='lat' dir='ltr'><strong><em>quod</em></strong></span> <span class='ocrx_word' id='word_1_64' title='bbox 328 1095 400 1163; x_wconf 90' lang='lat' dir='ltr'><strong><em>apud</em></strong></span> <span class='ocrx_word' id='word_1_65' title='bbox 416 1095 526 1144; x_wconf 85' lang='lat' dir='ltr'><strong><em>Graecos</em></strong></span> <span class='ocrx_word' id='word_1_66' title='bbox 547 1087 591 1144; x_wconf 82' lang='grc' dir='ltr'><strong>ου’.</strong></span> <span class='ocrx_word' id='word_1_67' title='bbox 624 1093 676 1144; x_wconf 87' lang='lat' dir='ltr'><strong><em>Sed</em></strong></span> <span class='ocrx_word' id='word_1_68' title='bbox 697 1095 729 1145; x_wconf 78' lang='lat' dir='ltr'><strong><em>ab</em></strong></span> <span class='ocrx_word' id='word_1_69' title='bbox 754 1095 866 1161; x_wconf 76' lang='lat' dir='ltr'><strong><em>antiquis</em></strong></span> <span class='ocrx_word' id='word_1_70' title='bbox 886 1111 944 1146; x_wconf 80' lang='lat' dir='ltr'><strong><em>cuns</em></strong></span> <span class='ocrx_word' id='word_1_71' title='bbox 960 1096 1122 1161; x_wconf 84' lang='lat' dir='ltr'><strong><em>aspiratione,</em></strong></span> 
     </span>
     <span class='ocr_line' id='line_1_11' title="bbox 112 1177 1123 1248; baseline 0 -17"><span class='ocrx_word' id='word_1_72' title='bbox 112 1202 115 1207; x_wconf 95' lang='lat'>·</span> <span class='ocrx_word' id='word_1_73' title='bbox 150 1188 183 1233; x_wconf 81' lang='lat' dir='ltr'><strong><em>at</em></strong></span> <span class='ocrx_word' id='word_1_74' title='bbox 197 1181 252 1233; x_wconf 84' lang='lat' dir='ltr'><strong><em>clia</em></strong></span> <span class='ocrx_word' id='word_1_75' title='bbox 266 1195 363 1246; x_wconf 77' lang='lat' dir='ltr'><strong><em>quoqne</em></strong></span> <span class='ocrx_word' id='word_1_76' title='bbox 376 1179 470 1241; x_wconf 71' lang='lat' dir='ltr'><strong><em>ania,</em></strong></span> <span class='ocrx_word' id='word_1_77' title='bbox 486 1177 583 1229; x_wconf 83' lang='lat' dir='ltr'><strong><em>dictum</em></strong></span> <span class='ocrx_word' id='word_1_78' title='bbox 598 1183 649 1239; x_wconf 84' lang='lat' dir='ltr'><strong><em>cst,</em></strong></span> <span class='ocrx_word' id='word_1_79' title='bbox 671 1177 802 1229; x_wconf 87' lang='lat' dir='ltr'><strong><em>adiectad</em></strong></span> <span class='ocrx_word' id='word_1_80' title='bbox 823 1179 918 1242; x_wconf 83' lang='lat' dir='ltr'><strong><em>littera,</em></strong></span> <span class='ocrx_word' id='word_1_81' title='bbox 941 1197 1018 1246; x_wconf 77' lang='lat' dir='ltr'><strong><em>quarn</em></strong></span> <span class='ocrx_word' id='word_1_82' title='bbox 1029 1181 1123 1248; x_wconf 83' lang='lat' dir='ltr'><strong><em>pleris-</em></strong></span> 
     </span>
     <span class='ocr_line' id='line_1_12' title="bbox 151 1254 1123 1337; baseline 0 -22"><span class='ocrx_word' id='word_1_83' title='bbox 151 1281 201 1334; x_wconf 73' lang='lat' dir='ltr'><strong><em>que</em></strong></span> <span class='ocrx_word' id='word_1_84' title='bbox 217 1254 301 1315; x_wconf 68' lang='lat' dir='ltr'><strong><em>cerdis</em></strong></span> <span class='ocrx_word' id='word_1_85' title='bbox 323 1263 484 1337; x_wconf 63' lang='lat' dir='ltr'><strong><em>adiicielpant.</em></strong></span> <span class='ocrx_word' id='word_1_86' title='bbox 518 1261 544 1313; x_wconf 90' lang='lat' dir='ltr'><em>D</em></span> <span class='ocrx_word' id='word_1_87' title='bbox 568 1269 653 1313; x_wconf 85' lang='lat' dir='ltr'><strong><em>tamen</em></strong></span> <span class='ocrx_word' id='word_1_88' title='bbox 669 1261 783 1325; x_wconf 78' lang='lat' dir='ltr'><strong><em>litteram</em></strong></span> <span class='ocrx_word' id='word_1_89' title='bbox 803 1271 949 1326; x_wconf 74' lang='lat' dir='ltr'><strong><em>somerset,</em></strong></span> <span class='ocrx_word' id='word_1_90' title='bbox 977 1265 1001 1314; x_wconf 86' lang='lat' dir='ltr'><strong><em>si</em></strong></span> <span class='ocrx_word' id='word_1_91' title='bbox 1020 1280 1123 1331; x_wconf 76' lang='lat' dir='ltr'><strong><em>seponis</em></strong></span> 
     </span>
     <span class='ocr_line' id='line_1_13' title="bbox 153 1342 1123 1415; baseline -0.003 -14"><span class='ocrx_word' id='word_1_92' title='bbox 153 1349 256 1400; x_wconf 76' lang='lat' dir='ltr'><strong><em>cetum</em></strong></span> <span class='ocrx_word' id='word_1_93' title='bbox 270 1342 381 1415; x_wconf 85' lang='lat' dir='ltr'><strong><em>incipiat</em></strong></span> <span class='ocrx_word' id='word_1_94' title='bbox 396 1363 414 1397; x_wconf 88' lang='lat' dir='ltr'><strong><em>n</em></strong></span> <span class='ocrx_word' id='word_1_95' title='bbox 427 1345 526 1408; x_wconf 83' lang='lat' dir='ltr'><strong><em>coculi,</em></strong></span> <span class='ocrx_word' id='word_1_96' title='bbox 547 1350 576 1395; x_wconf 82' lang='lat' dir='ltr'><strong><em>ut</em></strong></span> <span class='ocrx_word' id='word_1_97' title='bbox 594 1345 665 1396; x_wconf 73' lang='lat' dir='ltr'><strong><em>hand</em></strong></span> <span class='ocrx_word' id='word_1_98' title='bbox 680 1344 753 1397; x_wconf 83' lang='lat' dir='ltr'><strong><em>niiter</em></strong></span> <span class='ocrx_word' id='word_1_99' title='bbox 769 1363 854 1397; x_wconf 83' lang='lat' dir='ltr'><strong><em>muros</em></strong></span> <span class='ocrx_word' id='word_1_100' title='bbox 870 1355 896 1399; x_wconf 87' lang='lat' dir='ltr'><strong><em>et</em></strong></span> <span class='ocrx_word' id='word_1_101' title='bbox 910 1344 981 1398; x_wconf 77' lang='lat' dir='ltr'><strong><em>houd</em></strong></span> <span class='ocrx_word' id='word_1_102' title='bbox 994 1344 1123 1414; x_wconf 78' lang='lat' dir='ltr'><strong><em>equidem:</em></strong></span> 
     </span>
     <span class='ocr_line' id='line_1_14' title="bbox 151 1428 1123 1499; baseline -0.001 -15"><span class='ocrx_word' id='word_1_103' title='bbox 151 1440 177 1484; x_wconf 83' lang='lat' dir='ltr'><strong><em>et</em></strong></span> <span class='ocrx_word' id='word_1_104' title='bbox 192 1448 270 1499; x_wconf 63' lang='lat' dir='ltr'><strong><em>wasa</em></strong></span> <span class='ocrx_word' id='word_1_105' title='bbox 284 1429 386 1481; x_wconf 77' lang='lat' dir='ltr'><strong><em>ceriam</em></strong></span> <span class='ocrx_word' id='word_1_106' title='bbox 401 1445 419 1479; x_wconf 91' lang='lat' dir='ltr'><strong><em>n</em></strong></span> <span class='ocrx_word' id='word_1_107' title='bbox 434 1435 589 1479; x_wconf 72' lang='lat' dir='ltr'><strong><em>consonante</em></strong></span> <span class='ocrx_word' id='word_1_108' title='bbox 609 1428 714 1496; x_wconf 79' lang='lat' dir='ltr'><strong><em>incipit,</em></strong></span> <span class='ocrx_word' id='word_1_109' title='bbox 738 1430 756 1480; x_wconf 88' lang='lat' dir='ltr'><strong><em>d</em></strong></span> <span class='ocrx_word' id='word_1_110' title='bbox 770 1430 883 1497; x_wconf 76' lang='lat' dir='ltr'><strong><em>perdit„</em></strong></span> <span class='ocrx_word' id='word_1_111' title='bbox 897 1437 926 1483; x_wconf 82' lang='lat' dir='ltr'><strong><em>at</em></strong></span> <span class='ocrx_word' id='word_1_112' title='bbox 941 1430 1003 1483; x_wconf 74' lang='lat' dir='ltr'><strong><em>icant</em></strong></span> <span class='ocrx_word' id='word_1_113' title='bbox 1017 1430 1123 1493; x_wconf 80' lang='lat' dir='ltr'><strong><em>dudum,</em></strong></span> 
     </span>
     <span class='ocr_line' id='line_1_15' title="bbox 152 1509 1123 1581; baseline 0 -13"><span class='ocrx_word' id='word_1_114' title='bbox 152 1523 180 1568; x_wconf 84' lang='lat' dir='ltr'><strong><em>st</em></strong></span> <span class='ocrx_word' id='word_1_115' title='bbox 202 1516 267 1566; x_wconf 78' lang='lat' dir='ltr'><strong><em>taut</em></strong></span> <span class='ocrx_word' id='word_1_116' title='bbox 287 1509 397 1566; x_wconf 77' lang='lat' dir='ltr'><strong><em>scuituns</em></strong></span> <span class='ocrx_word' id='word_1_117' title='bbox 419 1514 445 1564; x_wconf 83' lang='lat' dir='ltr'><strong><em>c&#39;t</em></strong></span> <span class='ocrx_word' id='word_1_118' title='bbox 467 1513 533 1565; x_wconf 78' lang='lat' dir='ltr'><strong><em>itaut</em></strong></span> <span class='ocrx_word' id='word_1_119' title='bbox 555 1512 688 1581; x_wconf 82' lang='lat' dir='ltr'><strong><em>placitura</em></strong></span> <span class='ocrx_word' id='word_1_120' title='bbox 707 1509 786 1579; x_wconf 75' lang='lat' dir='ltr'><strong><em>refert</em></strong></span> <span class='ocrx_word' id='word_1_121' title='bbox 806 1522 832 1566; x_wconf 86' lang='lat' dir='ltr'><strong><em>et</em></strong></span> <span class='ocrx_word' id='word_1_122' title='bbox 849 1510 956 1567; x_wconf 84' lang='lat' dir='ltr'><strong><em>inducit.</em></strong></span> <span class='ocrx_word' id='word_1_123' title='bbox 990 1514 1123 1568; x_wconf 73' lang='lat' dir='ltr'><strong><em>&#39;Fortasse</em></strong></span> 
     </span>
     <span class='ocr_line' id='line_1_16' title="bbox 151 1592 1123 1667; baseline -0.001 -15"><span class='ocrx_word' id='word_1_124' title='bbox 151 1592 263 1666; x_wconf 73' lang='lat' dir='ltr'><strong><em>scripsit</em></strong></span> <span class='ocrx_word' id='word_1_125' title='bbox 279 1596 352 1650; x_wconf 79' lang='lat' dir='ltr'><strong><em>itaud</em></strong></span> <span class='ocrx_word' id='word_1_126' title='bbox 372 1598 519 1649; x_wconf 74' lang='lat' dir='ltr'><strong><em>adverbium</em></strong></span> <span class='ocrx_word' id='word_1_127' title='bbox 539 1598 657 1665; x_wconf 79' lang='lat' dir='ltr'><strong><em>negandi</em></strong></span> <span class='ocrx_word' id='word_1_128' title='bbox 678 1603 714 1649; x_wconf 83' lang='lat' dir='ltr'><strong><em>est</em></strong></span> <span class='ocrx_word' id='word_1_129' title='bbox 735 1605 763 1648; x_wconf 85' lang='lat' dir='ltr'><strong><em>ct·</em></strong></span> <span class='ocrx_word' id='word_1_130' title='bbox 780 1596 918 1665; x_wconf 79' lang='lat' dir='ltr'><strong><em>significat</em></strong></span> <span class='ocrx_word' id='word_1_131' title='bbox 938 1603 988 1651; x_wconf 84' lang='lat' dir='ltr'><strong><em>etc.</em></strong></span> <span class='ocrx_word' id='word_1_132' title='bbox 1015 1599 1123 1667; x_wconf 75' lang='lat' dir='ltr'><strong><em>Lipsius</em></strong></span> 
     </span>
     <span class='ocr_line' id='line_1_17' title="bbox 153 1675 1125 1749; baseline 0.002 -14"><span class='ocrx_word' id='word_1_133' title='bbox 153 1686 218 1737; x_wconf 84' lang='lat' dir='ltr'><strong><em>Ver.</em></strong></span> <span class='ocrx_word' id='word_1_134' title='bbox 233 1683 310 1734; x_wconf 74' lang='lat' dir='ltr'><strong><em>Iacet.</em></strong></span> <span class='ocrx_word' id='word_1_135' title='bbox 325 1679 351 1745; x_wconf 80' lang='lat'><strong><em>3,</em></strong></span> <span class='ocrx_word' id='word_1_136' title='bbox 365 1681 408 1733; x_wconf 77' lang='lat'><strong><em>29.</em></strong></span> <span class='ocrx_word' id='word_1_137' title='bbox 427 1679 549 1748; x_wconf 80' lang='lat' dir='ltr'><strong><em>qstsmvis</em></strong></span> <span class='ocrx_word' id='word_1_138' title='bbox 562 1675 715 1733; x_wconf 79' lang='lat' dir='ltr'><strong><em>Victorinus</em></strong></span> <span class='ocrx_word' id='word_1_139' title='bbox 737 1679 862 1732; x_wconf 81' lang='lat' dir='ltr'><strong><em>subtilius</em></strong></span> <span class='ocrx_word' id='word_1_140' title='bbox 878 1697 959 1749; x_wconf 86' lang='lat' dir='ltr'><strong><em>quum</em></strong></span> <span class='ocrx_word' id='word_1_141' title='bbox 974 1681 1065 1735; x_wconf 81' lang='lat' dir='ltr'><strong><em>verius</em></strong></span> <span class='ocrx_word' id='word_1_142' title='bbox 1084 1682 1125 1737; x_wconf 74' lang='lat' dir='ltr'><strong><em>iis</em></strong></span> 
     </span>
     <span class='ocr_line' id='line_1_18' title="bbox 151 1758 1124 1843; baseline -0.004 -22"><span class='ocrx_word' id='word_1_143' title='bbox 151 1764 327 1839; x_wconf 73' lang='lat' dir='ltr'><strong><em>praecepisse</em></strong></span> <span class='ocrx_word' id='word_1_144' title='bbox 340 1765 480 1828; x_wconf 81' lang='lat' dir='ltr'><strong><em>videatur,</em></strong></span> <span class='ocrx_word' id='word_1_145' title='bbox 498 1770 589 1816; x_wconf 84' lang='lat' dir='ltr'><strong><em>tomen</em></strong></span> <span class='ocrx_word' id='word_1_146' title='bbox 610 1761 639 1815; x_wconf 87' lang='lat' dir='ltr'><strong><em>in</em></strong></span> <span class='ocrx_word' id='word_1_147' title='bbox 653 1772 665 1816; x_wconf 88' lang='lat' dir='ltr'><strong><em>t</em></strong></span> <span class='ocrx_word' id='word_1_148' title='bbox 681 1763 774 1815; x_wconf 82' lang='lat' dir='ltr'><strong><em>littera</em></strong></span> <span class='ocrx_word' id='word_1_149' title='bbox 790 1758 942 1843; x_wconf 48' lang='lat' dir='ltr'><strong><em>consenties</em></strong></span> <span class='ocrx_word' id='word_1_150' title='bbox 956 1770 1033 1832; x_wconf 82' lang='lat' dir='ltr'><strong><em>putat</em></strong></span> <span class='ocrx_word' id='word_1_151' title='bbox 1048 1771 1124 1818; x_wconf 83' lang='lat' dir='ltr'><strong><em>vete·</em></strong></span> 
     </span>
     <span class='ocr_line' id='line_1_19' title="bbox 151 1843 1123 1920; baseline -0.006 -14"><span class='ocrx_word' id='word_1_152' title='bbox 151 1871 198 1906; x_wconf 81' lang='lat' dir='ltr'><strong><em>res</em></strong></span> <span class='ocrx_word' id='word_1_153' title='bbox 212 1851 306 1903; x_wconf 88' lang='lat' dir='ltr'><strong><em>libros.</em></strong></span> <span class='ocrx_word' id='word_1_154' title='bbox 340 1843 481 1902; x_wconf 80' lang='lat' dir='ltr'><strong><em>Charisius</em></strong></span> <span class='ocrx_word' id='word_1_155' title='bbox 494 1868 519 1916; x_wconf 72' lang='lat' dir='ltr'><strong><em>p</em></strong></span> <span class='ocrx_word' id='word_1_156' title='bbox 534 1846 576 1901; x_wconf 73' lang='lat'><strong><em>87.</em></strong></span> <span class='ocrx_word' id='word_1_157' title='bbox 594 1849 667 1900; x_wconf 79' lang='lat' dir='ltr'><strong><em>haud</em></strong></span> <span class='ocrx_word' id='word_1_158' title='bbox 682 1846 800 1900; x_wconf 80' lang='lat' dir='ltr'><strong><em>similiter</em></strong></span> <span class='ocrx_word' id='word_1_159' title='bbox 817 1852 834 1901; x_wconf 89' lang='lat' dir='ltr'><strong><em>d</em></strong></span> <span class='ocrx_word' id='word_1_160' title='bbox 851 1850 939 1920; x_wconf 78' lang='lat' dir='ltr'><strong><em>littera</em></strong></span> <span class='ocrx_word' id='word_1_161' title='bbox 959 1844 1123 1902; x_wconf 76' lang='lat' dir='ltr'><strong><em>terminatui.</em></strong></span> 
     </span>
     <span class='ocr_line' id='line_1_20' title="bbox 155 1919 1124 2003; baseline -0.006 -13"><span class='ocrx_word' id='word_1_162' title='bbox 155 1932 223 1990; x_wconf 77' lang='lat' dir='ltr'><strong><em>eddi</em></strong></span> <span class='ocrx_word' id='word_1_163' title='bbox 238 1919 306 1987; x_wconf 80' lang='lat' dir='ltr'><strong><em>enirn</em></strong></span> <span class='ocrx_word' id='word_1_164' title='bbox 320 1952 417 2001; x_wconf 79' lang='lat' dir='ltr'><strong><em>graeca</em></strong></span> <span class='ocrx_word' id='word_1_165' title='bbox 431 1953 479 1985; x_wconf 85' lang='lat' dir='ltr'><strong><em>aas</em></strong></span> <span class='ocrx_word' id='word_1_166' title='bbox 493 1931 680 2003; x_wconf 83' lang='lat' dir='ltr'><strong><em>(scribendum</em></strong></span> <span class='ocrx_word' id='word_1_167' title='bbox 693 1931 800 1984; x_wconf 79' lang='lat' dir='ltr'><strong><em>videtur</em></strong></span> <span class='ocrx_word' id='word_1_168' title='bbox 816 1926 850 1986; x_wconf 78' lang='lat' dir='ltr'><strong><em>cui</em></strong></span> <span class='ocrx_word' id='word_1_169' title='bbox 864 1935 936 1993; x_wconf 80' lang='lat' dir='ltr'><strong><em>enine</em></strong></span> <span class='ocrx_word' id='word_1_170' title='bbox 949 1950 1050 2003; x_wconf 79' lang='lat' dir='ltr'><strong><em>graeca</em></strong></span> <span class='ocrx_word' id='word_1_171' title='bbox 1062 1932 1124 1998; x_wconf 81' lang='lat' dir='ltr'><strong><em>nou)</em></strong></span> 
     </span>
     <span class='ocr_line' id='line_1_21' title="bbox 153 2012 1124 2085; baseline -0.004 -12"><span class='ocrx_word' id='word_1_172' title='bbox 153 2022 244 2073; x_wconf 82' lang='lat' dir='ltr'><strong><em>littera</em></strong></span> <span class='ocrx_word' id='word_1_173' title='bbox 259 2020 277 2070; x_wconf 88' lang='lat' dir='ltr'><strong><em>d</em></strong></span> <span class='ocrx_word' id='word_1_174' title='bbox 290 2014 429 2069; x_wconf 81' lang='lat' dir='ltr'><strong><em>terminari</em></strong></span> <span class='ocrx_word' id='word_1_175' title='bbox 449 2018 520 2085; x_wconf 89' lang='lat' dir='ltr'><strong><em>apud</em></strong></span> <span class='ocrx_word' id='word_1_176' title='bbox 532 2018 649 2083; x_wconf 77' lang='lat' dir='ltr'><strong><em>antiquos</em></strong></span> <span class='ocrx_word' id='word_1_177' title='bbox 667 2017 765 2085; x_wconf 80' lang='lat' dir='ltr'><strong><em>coepit,</em></strong></span> <span class='ocrx_word' id='word_1_178' title='bbox 782 2013 875 2084; x_wconf 74' lang='lat' dir='ltr'><strong><em>quibus</em></strong></span> <span class='ocrx_word' id='word_1_179' title='bbox 891 2031 945 2068; x_wconf 82' lang='lat' dir='ltr'><strong><em>ntus</em></strong></span> <span class='ocrx_word' id='word_1_180' title='bbox 958 2024 1011 2068; x_wconf 80' lang='lat' dir='ltr'><strong><em>erat</em></strong></span> <span class='ocrx_word' id='word_1_181' title='bbox 1024 2012 1042 2068; x_wconf 88' lang='lat' dir='ltr'><strong><em>d</em></strong></span> <span class='ocrx_word' id='word_1_182' title='bbox 1057 2016 1124 2070; x_wconf 75' lang='lat' dir='ltr'><strong><em>litte—</em></strong></span> 
     </span>
    </p>
   </div>
   <div class='ocr_carea' id='block_1_4' title="bbox 152 2090 1208 2170">
    <p class='ocr_par' dir='ltr' id='par_1_4' title="bbox 152 2090 1208 2170">
     <span class='ocr_line' id='line_1_22' title="bbox 152 2090 1208 2170; baseline -0.008 -11"><span class='ocrx_word' id='word_1_183' title='bbox 152 2108 213 2159; x_wconf 85' lang='lat' dir='ltr'><strong><em>rnm&#39;</em></strong></span> <span class='ocrx_word' id='word_1_184' title='bbox 228 2104 347 2156; x_wconf 78' lang='lat' dir='ltr'><strong><em>omnious</em></strong></span> <span class='ocrx_word' id='word_1_185' title='bbox 360 2118 424 2168; x_wconf 87' lang='lat' dir='ltr'><strong><em>pene</em></strong></span> <span class='ocrx_word' id='word_1_186' title='bbox 439 2101 540 2153; x_wconf 84' lang='lat' dir='ltr'><strong><em>uocibus</em></strong></span> <span class='ocrx_word' id='word_1_187' title='bbox 554 2101 636 2154; x_wconf 80' lang='lat' dir='ltr'><strong><em>cocali</em></strong></span> <span class='ocrx_word' id='word_1_188' title='bbox 657 2101 742 2152; x_wconf 81' lang='lat' dir='ltr'><strong><em>littera</em></strong></span> <span class='ocrx_word' id='word_1_189' title='bbox 762 2102 904 2154; x_wconf 82' lang='lat' dir='ltr'><strong><em>terminatis</em></strong></span> <span class='ocrx_word' id='word_1_190' title='bbox 916 2090 1077 2170; x_wconf 64' lang='lat' dir='ltr'><strong><em>&#39;adiungerer</em></strong></span> <span class='ocrx_word' id='word_1_191' title='bbox 1092 2128 1125 2140; x_wconf 93' lang='lat'><em>-</em></span> <span class='ocrx_word' id='word_1_192' title='bbox 1205 2099 1208 2105; x_wconf 72' lang='grc'><strong>“</strong></span> 
     </span>
    </p>
   </div>
   <div class='ocr_carea' id='block_1_5' title="bbox 151 2184 1127 2931">
    <p class='ocr_par' dir='ltr' id='par_1_5' title="bbox 151 2184 1127 2931">
     <span class='ocr_line' id='line_1_23' title="bbox 151 2184 1125 2256; baseline -0.004 -14"><span class='ocrx_word' id='word_1_193' title='bbox 151 2191 198 2242; x_wconf 83' lang='lat' dir='ltr'><strong><em>sed</em></strong></span> <span class='ocrx_word' id='word_1_194' title='bbox 223 2195 248 2239; x_wconf 86' lang='lat' dir='ltr'><strong><em>ct</em></strong></span> <span class='ocrx_word' id='word_1_195' title='bbox 269 2205 317 2256; x_wconf 87' lang='lat' dir='ltr'><strong><em>per</em></strong></span> <span class='ocrx_word' id='word_1_196' title='bbox 337 2193 348 2237; x_wconf 85' lang='lat' dir='ltr'><strong><em>t</em></strong></span> <span class='ocrx_word' id='word_1_197' title='bbox 367 2187 443 2236; x_wconf 80' lang='lat' dir='ltr'><strong><em>scribi</em></strong></span> <span class='ocrx_word' id='word_1_198' title='bbox 462 2203 539 2238; x_wconf 86' lang='lat' dir='ltr'><strong><em>sonus</em></strong></span> <span class='ocrx_word' id='word_1_199' title='bbox 562 2186 629 2236; x_wconf 70' lang='lat' dir='ltr'><strong><em>siccis</em></strong></span> <span class='ocrx_word' id='word_1_200' title='bbox 654 2185 778 2236; x_wconf 80' lang='lat' dir='ltr'><strong><em>admittit.</em></strong></span> <span class='ocrx_word' id='word_1_201' title='bbox 817 2187 895 2239; x_wconf 84' lang='lat' dir='ltr'><strong><em>Beda</em></strong></span> <span class='ocrx_word' id='word_1_202' title='bbox 919 2202 945 2253; x_wconf 84' lang='lat' dir='ltr'><strong><em>p.</em></strong></span> <span class='ocrx_word' id='word_1_203' title='bbox 964 2184 1034 2238; x_wconf 71' lang='lat'><strong><em>2336</em></strong></span> <span class='ocrx_word' id='word_1_204' title='bbox 1053 2187 1125 2238; x_wconf 72' lang='lat' dir='ltr'><strong><em>nand</em></strong></span> 
     </span>
     <span class='ocr_line' id='line_1_24' title="bbox 154 2269 1126 2342; baseline -0.003 -19"><span class='ocrx_word' id='word_1_205' title='bbox 154 2273 260 2342; x_wconf 75' lang='lat' dir='ltr'><strong><em>qnando</em></strong></span> <span class='ocrx_word' id='word_1_206' title='bbox 276 2269 424 2322; x_wconf 80' lang='lat' dir='ltr'><strong><em>adverbium</em></strong></span> <span class='ocrx_word' id='word_1_207' title='bbox 437 2275 474 2322; x_wconf 82' lang='lat' dir='ltr'><strong><em>est</em></strong></span> <span class='ocrx_word' id='word_1_208' title='bbox 488 2270 618 2338; x_wconf 83' lang='lat' dir='ltr'><strong><em>negandi,</em></strong></span> <span class='ocrx_word' id='word_1_209' title='bbox 639 2269 658 2320; x_wconf 83' lang='lat' dir='ltr'><strong><em>d</em></strong></span> <span class='ocrx_word' id='word_1_210' title='bbox 678 2269 764 2320; x_wconf 80' lang='lat' dir='ltr'><strong><em>litters</em></strong></span> <span class='ocrx_word' id='word_1_211' title='bbox 778 2271 932 2339; x_wconf 70' lang='lat' dir='ltr'><strong><em>terminatur</em></strong></span> <span class='ocrx_word' id='word_1_212' title='bbox 946 2279 972 2322; x_wconf 82' lang='lat' dir='ltr'><strong><em>et</em></strong></span> <span class='ocrx_word' id='word_1_213' title='bbox 990 2271 1126 2340; x_wconf 82' lang='lat' dir='ltr'><strong><em>aspiratur</em></strong></span> 
     </span>
     <span class='ocr_line' id='line_1_25' title="bbox 151 2353 1127 2424; baseline -0.001 -15"><span class='ocrx_word' id='word_1_214' title='bbox 151 2356 293 2424; x_wconf 83' lang='lat' dir='ltr'><strong><em>incapite:</em></strong></span> <span class='ocrx_word' id='word_1_215' title='bbox 311 2355 413 2420; x_wconf 80' lang='lat' dir='ltr'><strong><em>quando</em></strong></span> <span class='ocrx_word' id='word_1_216' title='bbox 433 2361 519 2407; x_wconf 83' lang='lat' dir='ltr'><strong><em>autern</em></strong></span> <span class='ocrx_word' id='word_1_217' title='bbox 539 2354 679 2405; x_wconf 86' lang='lat' dir='ltr'><strong><em>coniunctio</em></strong></span> <span class='ocrx_word' id='word_1_218' title='bbox 702 2353 855 2406; x_wconf 82' lang='lat' dir='ltr'><strong><em>disiunctios</em></strong></span> <span class='ocrx_word' id='word_1_219' title='bbox 869 2362 912 2419; x_wconf 87' lang='lat' dir='ltr'><strong><em>est,</em></strong></span> <span class='ocrx_word' id='word_1_220' title='bbox 934 2363 979 2408; x_wconf 78' lang='lat' dir='ltr'><strong><em>aui</em></strong></span> <span class='ocrx_word' id='word_1_221' title='bbox 993 2372 1042 2424; x_wconf 84' lang='lat' dir='ltr'><strong><em>per</em></strong></span> <span class='ocrx_word' id='word_1_222' title='bbox 1055 2357 1127 2408; x_wconf 63' lang='lat' dir='ltr'><strong><em>nto»</em></strong></span> 
     </span>
     <span class='ocr_line' id='line_1_26' title="bbox 154 2432 1125 2506; baseline 0.001 -14"><span class='ocrx_word' id='word_1_223' title='bbox 154 2446 240 2492; x_wconf 80' lang='lat' dir='ltr'><strong><em>ranst</em></strong></span> <span class='ocrx_word' id='word_1_224' title='bbox 257 2438 485 2506; x_wconf 78' lang='lat' dir='ltr'><strong><em>sineaspiratione</em></strong></span> <span class='ocrx_word' id='word_1_225' title='bbox 497 2438 624 2489; x_wconf 75' lang='lat' dir='ltr'><strong><em>scribitur.</em></strong></span> <span class='ocrx_word' id='word_1_226' title='bbox 654 2438 695 2488; x_wconf 76' lang='lat' dir='ltr'><strong><em>Cf.</em></strong></span> <span class='ocrx_word' id='word_1_227' title='bbox 712 2436 806 2488; x_wconf 79' lang='lat' dir='ltr'><strong><em>Isidos.</em></strong></span> <span class='ocrx_word' id='word_1_228' title='bbox 821 2432 898 2504; x_wconf 70' lang='lat' dir='ltr'><strong><em>ottg.</em></strong></span> <span class='ocrx_word' id='word_1_229' title='bbox 914 2438 939 2500; x_wconf 90' lang='lat' dir='ltr'><strong><em>l,</em></strong></span> <span class='ocrx_word' id='word_1_230' title='bbox 955 2438 998 2490; x_wconf 72' lang='lat'><strong><em>27.</em></strong></span> <span class='ocrx_word' id='word_1_231' title='bbox 1018 2440 1125 2493; x_wconf 78' lang='lat' dir='ltr'><strong><em>Phacus</em></strong></span> 
     </span>
     <span class='ocr_line' id='line_1_27' title="bbox 154 2518 1126 2590; baseline 0.001 -16"><span class='ocrx_word' id='word_1_232' title='bbox 154 2520 317 2588; x_wconf 75' lang='lat' dir='ltr'><strong><em>censpirst.</em></strong></span> <span class='ocrx_word' id='word_1_233' title='bbox 332 2518 443 2588; x_wconf 58' lang='lat' dir='ltr'><strong><em>pant.</em></strong></span> <span class='ocrx_word' id='word_1_234' title='bbox 462 2521 549 2571; x_wconf 83' lang='lat' dir='ltr'><strong><em>omnia</em></strong></span> <span class='ocrx_word' id='word_1_235' title='bbox 562 2537 627 2587; x_wconf 77' lang='lat' dir='ltr'><strong><em>ques</em></strong></span> <span class='ocrx_word' id='word_1_236' title='bbox 637 2537 672 2571; x_wconf 89' lang='lat' dir='ltr'><strong><em>au</em></strong></span> <span class='ocrx_word' id='word_1_237' title='bbox 686 2521 877 2589; x_wconf 71' lang='lat' dir='ltr'><strong><em>diphthongum</em></strong></span> <span class='ocrx_word' id='word_1_238' title='bbox 891 2522 1015 2589; x_wconf 80' lang='lat' dir='ltr'><strong><em>inprime</em></strong></span> <span class='ocrx_word' id='word_1_239' title='bbox 1027 2524 1126 2590; x_wconf 63' lang='lat' dir='ltr'><strong><em>saltata</em></strong></span> 
     </span>
     <span class='ocr_line' id='line_1_28' title="bbox 156 2605 1125 2674; baseline 0.001 -14"><span class='ocrx_word' id='word_1_240' title='bbox 156 2607 304 2668; x_wconf 77' lang='lat' dir='ltr'><strong><em>habebunt,</em></strong></span> <span class='ocrx_word' id='word_1_241' title='bbox 325 2607 417 2656; x_wconf 86' lang='lat' dir='ltr'><strong><em>dasian</em></strong></span> <span class='ocrx_word' id='word_1_242' title='bbox 441 2613 605 2673; x_wconf 79' lang='lat' dir='ltr'><strong><em>respuerunt,</em></strong></span> <span class='ocrx_word' id='word_1_243' title='bbox 626 2611 656 2658; x_wconf 82' lang='lat' dir='ltr'><strong><em>ut</em></strong></span> <span class='ocrx_word' id='word_1_244' title='bbox 676 2606 770 2656; x_wconf 80' lang='lat' dir='ltr'><strong><em>audac.</em></strong></span> <span class='ocrx_word' id='word_1_245' title='bbox 802 2606 976 2674; x_wconf 83' lang='lat' dir='ltr'><strong><em>Designatuns</em></strong></span> <span class='ocrx_word' id='word_1_246' title='bbox 995 2614 1031 2660; x_wconf 83' lang='lat' dir='ltr'><strong><em>est</em></strong></span> <span class='ocrx_word' id='word_1_247' title='bbox 1044 2605 1125 2661; x_wconf 69' lang='lat' dir='ltr'><strong><em>baud.</em></strong></span> 
     </span>
     <span class='ocr_line' id='line_1_29' title="bbox 160 2689 1126 2759; baseline 0.001 -16"><span class='ocrx_word' id='word_1_248' title='bbox 160 2692 235 2758; x_wconf 79' lang='lat' dir='ltr'><strong><em>Vnde</em></strong></span> <span class='ocrx_word' id='word_1_249' title='bbox 257 2691 369 2742; x_wconf 69' lang='lat' dir='ltr'><strong><em>nauseis,</em></strong></span> <span class='ocrx_word' id='word_1_250' title='bbox 388 2689 554 2756; x_wconf 85' lang='lat' dir='ltr'><strong><em>compositum</em></strong></span> <span class='ocrx_word' id='word_1_251' title='bbox 576 2689 701 2758; x_wconf 85' lang='lat' dir='ltr'><strong><em>simplicis</em></strong></span> <span class='ocrx_word' id='word_1_252' title='bbox 723 2689 829 2740; x_wconf 76' lang='lat' dir='ltr'><strong><em>notetis</em></strong></span> <span class='ocrx_word' id='word_1_253' title='bbox 848 2691 1013 2759; x_wconf 62' lang='lat' dir='ltr'><strong><em>scripturum„</em></strong></span> <span class='ocrx_word' id='word_1_254' title='bbox 1057 2692 1126 2744; x_wconf 68' lang='lat' dir='ltr'><strong><em>Naar</em></strong></span> 
     </span>
     <span class='ocr_line' id='line_1_30' title="bbox 157 2774 1126 2845; baseline -0.001 -17"><span class='ocrx_word' id='word_1_255' title='bbox 157 2779 298 2845; x_wconf 83' lang='lat' dir='ltr'><strong><em>aspiratur.</em></strong></span> <span class='ocrx_word' id='word_1_256' title='bbox 319 2774 472 2825; x_wconf 79' lang='lat' dir='ltr'><strong><em>Ariseriium</em></strong></span> <span class='ocrx_word' id='word_1_257' title='bbox 487 2781 571 2825; x_wconf 85' lang='lat' dir='ltr'><strong><em>autem</em></strong></span> <span class='ocrx_word' id='word_1_258' title='bbox 585 2774 746 2825; x_wconf 79' lang='lat' dir='ltr'><strong><em>discretionis</em></strong></span> <span class='ocrx_word' id='word_1_259' title='bbox 760 2791 850 2826; x_wconf 89' lang='lat' dir='ltr'><strong><em>caussa</em></strong></span> <span class='ocrx_word' id='word_1_260' title='bbox 858 2775 951 2826; x_wconf 84' lang='lat' dir='ltr'><strong><em>dasian</em></strong></span> <span class='ocrx_word' id='word_1_261' title='bbox 965 2775 1126 2843; x_wconf 76' lang='lat' dir='ltr'><strong><em>haietprae·</em></strong></span> 
     </span>
     <span class='ocr_line' id='line_1_31' title="bbox 156 2857 1125 2931; baseline -0.003 -16"><span class='ocrx_word' id='word_1_262' title='bbox 156 2863 283 2931; x_wconf 86' lang='lat' dir='ltr'><strong><em>positum,</em></strong></span> <span class='ocrx_word' id='word_1_263' title='bbox 298 2866 374 2911; x_wconf 86' lang='lat' dir='ltr'><strong><em>utne</em></strong></span> <span class='ocrx_word' id='word_1_264' title='bbox 388 2858 527 2909; x_wconf 83' lang='lat' dir='ltr'><strong><em>coniunctio</em></strong></span> <span class='ocrx_word' id='word_1_265' title='bbox 542 2859 640 2923; x_wconf 79' lang='lat' dir='ltr'><strong><em>fuerit,</em></strong></span> <span class='ocrx_word' id='word_1_266' title='bbox 657 2857 733 2909; x_wconf 85' lang='lat' dir='ltr'><strong><em>veluti</em></strong></span> <span class='ocrx_word' id='word_1_267' title='bbox 747 2859 858 2926; x_wconf 71' lang='lat' dir='ltr'><strong><em>legimus</em></strong></span> <span class='ocrx_word' id='word_1_268' title='bbox 873 2866 920 2911; x_wconf 89' lang='lat' dir='ltr'><strong><em>aut</em></strong></span> <span class='ocrx_word' id='word_1_269' title='bbox 932 2866 1036 2928; x_wconf 80' lang='lat' dir='ltr'><strong><em>portura</em></strong></span> <span class='ocrx_word' id='word_1_270' title='bbox 1051 2867 1125 2913; x_wconf 82' lang='lat' dir='ltr'><strong><em>tenet.</em></strong></span> 
     </span>
    </p>
   </div>
   <div class='ocr_carea' id='block_1_6' title="bbox 84 2989 1179 3502">
    <p class='ocr_par' dir='ltr' id='par_1_6' title="bbox 84 2989 1179 3502">
     <span class='ocr_line' id='line_1_32' title="bbox 173 2989 1125 3080; baseline -0.001 -22"><span class='ocrx_word' id='word_1_271' title='bbox 173 2995 222 3058; x_wconf 92' lang='lat' dir='ltr'><strong><em>Ne</em></strong></span> <span class='ocrx_word' id='word_1_272' title='bbox 236 2994 331 3059; x_wconf 73' lang='lat' dir='ltr'><strong><em>hand</em></strong></span> <span class='ocrx_word' id='word_1_273' title='bbox 350 2990 494 3077; x_wconf 76' lang='lat' dir='ltr'><strong><em>egresso</em></strong></span> <span class='ocrx_word' id='word_1_274' title='bbox 509 2989 545 3056; x_wconf 83' lang='lat' dir='ltr'><strong><em>od</em></strong></span> <span class='ocrx_word' id='word_1_275' title='bbox 562 3015 613 3072; x_wconf 83' lang='lat' dir='ltr'><strong><em>eo,</em></strong></span> <span class='ocrx_word' id='word_1_276' title='bbox 637 3014 735 3080; x_wconf 83' lang='lat' dir='ltr'><strong><em>quem</em></strong></span> <span class='ocrx_word' id='word_1_277' title='bbox 752 3002 874 3055; x_wconf 83' lang='lat' dir='ltr'><strong><em>veteres</em></strong></span> <span class='ocrx_word' id='word_1_278' title='bbox 894 3004 1125 3079; x_wconf 87' lang='lat' dir='ltr'><strong><em>exposuerunt,</em></strong></span> 
     </span>
     <span class='ocr_line' id='line_1_33' title="bbox 84 3077 1126 3164; baseline -0.003 -18"><span class='ocrx_word' id='word_1_279' title='bbox 84 3080 192 3146; x_wconf 89' lang='lat' dir='ltr'><strong><em>modo</em></strong></span> <span class='ocrx_word' id='word_1_280' title='bbox 216 3079 339 3142; x_wconf 84' lang='lat' dir='ltr'><strong><em>factum</em></strong></span> <span class='ocrx_word' id='word_1_281' title='bbox 362 3090 533 3164; x_wconf 78' lang='lat' dir='ltr'><strong><em>putemus,</em></strong></span> <span class='ocrx_word' id='word_1_282' title='bbox 562 3099 631 3141; x_wconf 87' lang='lat' dir='ltr'><strong><em>non</em></strong></span> <span class='ocrx_word' id='word_1_283' title='bbox 654 3101 717 3141; x_wconf 83' lang='lat' dir='ltr'><strong><em>una</em></strong></span> <span class='ocrx_word' id='word_1_284' title='bbox 743 3077 849 3141; x_wconf 73' lang='lat' dir='ltr'><strong><em>obstat</em></strong></span> <span class='ocrx_word' id='word_1_285' title='bbox 874 3100 992 3143; x_wconf 73' lang='lat' dir='ltr'><strong><em>coiisse.</em></strong></span> <span class='ocrx_word' id='word_1_286' title='bbox 1039 3078 1126 3143; x_wconf 86' lang='lat' dir='ltr'><strong><em>Nem</em></strong></span> 
     </span>
     <span class='ocr_line' id='line_1_34' title="bbox 86 3159 1125 3250; baseline -0.003 -20"><span class='ocrx_word' id='word_1_287' title='bbox 86 3163 147 3230; x_wconf 78' lang='grc' dir='ltr'><strong><em>οὐκ</em></strong></span> <span class='ocrx_word' id='word_1_288' title='bbox 161 3167 227 3229; x_wconf 86' lang='lat' dir='ltr'><strong><em>sive</em></strong></span> <span class='ocrx_word' id='word_1_289' title='bbox 245 3160 312 3227; x_wconf 86' lang='grc' dir='ltr'><strong><em>ου’κί</em></strong></span> <span class='ocrx_word' id='word_1_290' title='bbox 328 3163 492 3250; x_wconf 84' lang='lat' dir='ltr'><strong><em>primitiva</em></strong></span> <span class='ocrx_word' id='word_1_291' title='bbox 515 3173 582 3226; x_wconf 84' lang='lat' dir='ltr'><strong><em>erat</em></strong></span> <span class='ocrx_word' id='word_1_292' title='bbox 606 3161 734 3240; x_wconf 82' lang='lat' dir='ltr'><strong><em>formo,</em></strong></span> <span class='ocrx_word' id='word_1_293' title='bbox 755 3184 822 3226; x_wconf 87' lang='lat' dir='ltr'><strong><em>non</em></strong></span> <span class='ocrx_word' id='word_1_294' title='bbox 844 3159 897 3226; x_wconf 79' lang='lat' dir='ltr'><strong><em>ori:</em></strong></span> <span class='ocrx_word' id='word_1_295' title='bbox 920 3187 979 3228; x_wconf 89' lang='lat' dir='ltr'><strong><em>nec</em></strong></span> <span class='ocrx_word' id='word_1_296' title='bbox 1001 3163 1125 3228; x_wconf 84' lang='lat' dir='ltr'><strong><em>intelli·</em></strong></span> 
     </span>
     <span class='ocr_line' id='line_1_35' title="bbox 86 3241 1125 3338; baseline -0.003 -24"><span class='ocrx_word' id='word_1_297' title='bbox 86 3254 198 3338; x_wconf 83' lang='lat' dir='ltr'><strong><em>gitur,</em></strong></span> <span class='ocrx_word' id='word_1_298' title='bbox 227 3250 315 3312; x_wconf 90' lang='lat' dir='ltr'><strong><em>unde</em></strong></span> <span class='ocrx_word' id='word_1_299' title='bbox 337 3249 359 3311; x_wconf 81' lang='grc' dir='ltr'><strong><em>Ιι</em></strong></span> <span class='ocrx_word' id='word_1_300' title='bbox 381 3247 487 3312; x_wconf 83' lang='lat' dir='ltr'><strong><em>littera</em></strong></span> <span class='ocrx_word' id='word_1_301' title='bbox 514 3246 659 3335; x_wconf 80' lang='lat' dir='ltr'><strong><em>praefixe</em></strong></span> <span class='ocrx_word' id='word_1_302' title='bbox 684 3248 850 3313; x_wconf 84' lang='lat' dir='ltr'><strong><em>occesserit</em></strong></span> <span class='ocrx_word' id='word_1_303' title='bbox 877 3246 917 3311; x_wconf 80' lang='lat' dir='ltr'><strong><em>sd</em></strong></span> <span class='ocrx_word' id='word_1_304' title='bbox 944 3270 1057 3313; x_wconf 83' lang='lat' dir='ltr'><strong><em>vocem</em></strong></span> <span class='ocrx_word' id='word_1_305' title='bbox 1079 3241 1125 3327; x_wconf 81' lang='lat' dir='ltr'><strong><em>od,</em></strong></span> 
     </span>
     <span class='ocr_line' id='line_1_36' title="bbox 86 3328 1179 3441; baseline -0.002 -42"><span class='ocrx_word' id='word_1_306' title='bbox 86 3359 151 3400; x_wconf 89' lang='lat' dir='ltr'><strong><em>nec</em></strong></span> <span class='ocrx_word' id='word_1_307' title='bbox 177 3357 240 3421; x_wconf 82' lang='lat' dir='ltr'><strong><em>qus</em></strong></span> <span class='ocrx_word' id='word_1_308' title='bbox 264 3328 369 3398; x_wconf 76' lang='lat' dir='ltr'><strong><em>via&#39;od</em></strong></span> <span class='ocrx_word' id='word_1_309' title='bbox 392 3335 427 3396; x_wconf 86' lang='lat' dir='ltr'><strong><em>in</em></strong></span> <span class='ocrx_word' id='word_1_310' title='bbox 451 3355 495 3396; x_wconf 86' lang='lat' dir='ltr'><strong><em>au</em></strong></span> <span class='ocrx_word' id='word_1_311' title='bbox 522 3333 702 3397; x_wconf 65' lang='lat' dir='ltr'><strong><em>transierit:</em></strong></span> <span class='ocrx_word' id='word_1_312' title='bbox 725 3356 801 3396; x_wconf 81' lang='lat' dir='ltr'><strong><em>nam</em></strong></span> <span class='ocrx_word' id='word_1_313' title='bbox 826 3334 912 3417; x_wconf 88' lang='lat' dir='ltr'><strong><em>quod</em></strong></span> <span class='ocrx_word' id='word_1_314' title='bbox 932 3346 1126 3441; x_wconf 79' lang='lat' dir='ltr'><strong><em>comparant·</em></strong></span> <span class='ocrx_word' id='word_1_315' title='bbox 1177 3347 1179 3357; x_wconf 63' lang='lat'><strong><em>¹</em></strong></span> 
     </span>
     <span class='ocr_line' id='line_1_37' title="bbox 89 3413 1125 3502; baseline -0.001 -18"><span class='ocrx_word' id='word_1_316' title='bbox 89 3443 201 3500; x_wconf 78' lang='lat' dir='ltr'><strong><em>atrro,</em></strong></span> <span class='ocrx_word' id='word_1_317' title='bbox 222 3442 264 3482; x_wconf 82' lang='lat' dir='ltr'><strong><em>ex</em></strong></span> <span class='ocrx_word' id='word_1_318' title='bbox 284 3414 372 3501; x_wconf 80' lang='grc' dir='ltr'><em>οὖρος</em></span> <span class='ocrx_word' id='word_1_319' title='bbox 386 3428 514 3497; x_wconf 87' lang='lat' dir='ltr'><strong><em>ortum,</em></strong></span> <span class='ocrx_word' id='word_1_320' title='bbox 538 3417 573 3481; x_wconf 93' lang='lat' dir='ltr'><strong><em>id</em></strong></span> <span class='ocrx_word' id='word_1_321' title='bbox 591 3416 708 3482; x_wconf 85' lang='lat' dir='ltr'><strong><em>referri</em></strong></span> <span class='ocrx_word' id='word_1_322' title='bbox 725 3417 820 3480; x_wconf 84' lang='lat' dir='ltr'><strong><em>debet</em></strong></span> <span class='ocrx_word' id='word_1_323' title='bbox 844 3418 884 3480; x_wconf 85' lang='lat' dir='ltr'><strong><em>ad</em></strong></span> <span class='ocrx_word' id='word_1_324' title='bbox 906 3413 950 3482; x_wconf 77' lang='lat' dir='ltr'><strong><em>iio</em></strong></span> <span class='ocrx_word' id='word_1_325' title='bbox 975 3418 1070 3502; x_wconf 66' lang='lat' dir='ltr'><strong><em>cispa,</em></strong></span> <span class='ocrx_word' id='word_1_326' title='bbox 1094 3430 1125 3483; x_wconf 89' lang='lat' dir='ltr'><strong><em>et</em></strong></span> 
     </span>
    </p>
   </div>
   <div class='ocr_carea' id='block_1_7' title="bbox 89 3500 1126 4101">
    <p class='ocr_par' dir='ltr' id='par_1_7' title="bbox 89 3500 1126 4101">
     <span class='ocr_line' id='line_1_38' title="bbox 89 3500 1125 3592; baseline -0.003 -22"><span class='ocrx_word' id='word_1_327' title='bbox 89 3506 184 3592; x_wconf 91' lang='lat' dir='ltr'><strong><em>quod</em></strong></span> <span class='ocrx_word' id='word_1_328' title='bbox 199 3504 341 3568; x_wconf 83' lang='lat' dir='ltr'><strong><em>fortasse</em></strong></span> <span class='ocrx_word' id='word_1_329' title='bbox 361 3505 472 3567; x_wconf 84' lang='lat' dir='ltr'><strong><em>dicunt</em></strong></span> <span class='ocrx_word' id='word_1_330' title='bbox 485 3504 667 3588; x_wconf 78' lang='lat' dir='ltr'><strong><em>germanica</em></strong></span> <span class='ocrx_word' id='word_1_331' title='bbox 692 3524 733 3562; x_wconf 78' lang='lat' dir='ltr'><strong><em>ua</em></strong></span> <span class='ocrx_word' id='word_1_332' title='bbox 758 3513 788 3565; x_wconf 89' lang='lat' dir='ltr'><strong><em>et</em></strong></span> <span class='ocrx_word' id='word_1_333' title='bbox 810 3500 849 3587; x_wconf 75' lang='lat' dir='ltr'><strong><em>us</em></strong></span> <span class='ocrx_word' id='word_1_334' title='bbox 868 3503 953 3567; x_wconf 83' lang='lat' dir='ltr'><strong><em>foeta</em></strong></span> <span class='ocrx_word' id='word_1_335' title='bbox 976 3527 1045 3570; x_wconf 89' lang='lat' dir='ltr'><strong><em>esse</em></strong></span> <span class='ocrx_word' id='word_1_336' title='bbox 1063 3528 1125 3568; x_wconf 86' lang='lat' dir='ltr'><strong><em>aus</em></strong></span> 
     </span>
     <span class='ocr_line' id='line_1_39' title="bbox 89 3587 1126 3678; baseline 0 -24"><span class='ocrx_word' id='word_1_337' title='bbox 89 3603 123 3654; x_wconf 87' lang='lat' dir='ltr'><strong><em>et</em></strong></span> <span class='ocrx_word' id='word_1_338' title='bbox 147 3587 227 3678; x_wconf 76' lang='lat' dir='ltr'><strong><em>cuj,</em></strong></span> <span class='ocrx_word' id='word_1_339' title='bbox 264 3589 344 3653; x_wconf 87' lang='lat' dir='ltr'><strong><em>haec</em></strong></span> <span class='ocrx_word' id='word_1_340' title='bbox 363 3611 428 3652; x_wconf 88' lang='lat' dir='ltr'><strong><em>non</em></strong></span> <span class='ocrx_word' id='word_1_341' title='bbox 454 3587 576 3652; x_wconf 84' lang='lat' dir='ltr'><strong><em>habent</em></strong></span> <span class='ocrx_word' id='word_1_342' title='bbox 599 3587 837 3671; x_wconf 81' lang='lat' dir='ltr'><strong><em>analogiamin</em></strong></span> <span class='ocrx_word' id='word_1_343' title='bbox 868 3589 973 3654; x_wconf 85' lang='lat' dir='ltr'><strong><em>verbis</em></strong></span> <span class='ocrx_word' id='word_1_344' title='bbox 1003 3613 1126 3654; x_wconf 81' lang='lat' dir='ltr'><strong><em>caussa</em></strong></span> 
     </span>
     <span class='ocr_line' id='line_1_40' title="bbox 89 3669 1125 3762; baseline 0 -23"><span class='ocrx_word' id='word_1_345' title='bbox 89 3686 124 3740; x_wconf 87' lang='lat' dir='ltr'><strong><em>et</em></strong></span> <span class='ocrx_word' id='word_1_346' title='bbox 155 3696 294 3754; x_wconf 88' lang='lat' dir='ltr'><strong><em>accuso,</em></strong></span> <span class='ocrx_word' id='word_1_347' title='bbox 323 3670 456 3759; x_wconf 67' lang='lat' dir='ltr'><strong><em>flando</em></strong></span> <span class='ocrx_word' id='word_1_348' title='bbox 490 3685 522 3737; x_wconf 85' lang='lat' dir='ltr'><strong><em>et</em></strong></span> <span class='ocrx_word' id='word_1_349' title='bbox 550 3669 711 3760; x_wconf 78' lang='lat' dir='ltr'><strong><em>defreda,</em></strong></span> <span class='ocrx_word' id='word_1_350' title='bbox 745 3673 781 3735; x_wconf 84' lang='lat' dir='ltr'><strong><em>in</em></strong></span> <span class='ocrx_word' id='word_1_351' title='bbox 812 3674 928 3759; x_wconf 86' lang='lat' dir='ltr'><strong><em>quibus</em></strong></span> <span class='ocrx_word' id='word_1_352' title='bbox 959 3672 1125 3762; x_wconf 82' lang='lat' dir='ltr'><strong><em>primitive</em></strong></span> 
     </span>
     <span class='ocr_line' id='line_1_41' title="bbox 92 3758 1125 3848; baseline 0 -24"><span class='ocrx_word' id='word_1_353' title='bbox 92 3782 162 3824; x_wconf 82' lang='lat' dir='ltr'><strong><em>vox</em></strong></span> <span class='ocrx_word' id='word_1_354' title='bbox 184 3783 248 3835; x_wconf 87' lang='lat' dir='ltr'><strong><em>au,</em></strong></span> <span class='ocrx_word' id='word_1_355' title='bbox 276 3779 357 3844; x_wconf 87' lang='lat' dir='ltr'><strong><em>quae</em></strong></span> <span class='ocrx_word' id='word_1_356' title='bbox 384 3768 451 3822; x_wconf 86' lang='lat' dir='ltr'><strong><em>erat</em></strong></span> <span class='ocrx_word' id='word_1_357' title='bbox 473 3783 511 3833; x_wconf 89' lang='lat'><strong><em>0,</em></strong></span> <span class='ocrx_word' id='word_1_358' title='bbox 544 3759 579 3822; x_wconf 87' lang='lat' dir='ltr'><strong><em>in</em></strong></span> <span class='ocrx_word' id='word_1_359' title='bbox 607 3781 629 3820; x_wconf 84' lang='lat' dir='ltr'><strong><em>o</em></strong></span> <span class='ocrx_word' id='word_1_360' title='bbox 658 3759 794 3821; x_wconf 80' lang='lat' dir='ltr'><strong><em>transiit.</em></strong></span> <span class='ocrx_word' id='word_1_361' title='bbox 850 3760 884 3823; x_wconf 89' lang='lat' dir='ltr'><strong><em>Si</em></strong></span> <span class='ocrx_word' id='word_1_362' title='bbox 915 3781 996 3848; x_wconf 84' lang='lat' dir='ltr'><strong><em>quae</em></strong></span> <span class='ocrx_word' id='word_1_363' title='bbox 1026 3758 1125 3848; x_wconf 82' lang='lat' dir='ltr'><strong><em>igitur</em></strong></span> 
     </span>
     <span class='ocr_line' id='line_1_42' title="bbox 92 3842 1125 3932; baseline 0.002 -24"><span class='ocrx_word' id='word_1_364' title='bbox 92 3845 316 3932; x_wconf 80' lang='lat' dir='ltr'><strong><em>etymclogica</em></strong></span> <span class='ocrx_word' id='word_1_365' title='bbox 344 3844 474 3928; x_wconf 83' lang='lat' dir='ltr'><strong><em>vestigio</em></strong></span> <span class='ocrx_word' id='word_1_366' title='bbox 505 3842 556 3906; x_wconf 84' lang='lat' dir='ltr'><strong><em>hic</em></strong></span> <span class='ocrx_word' id='word_1_367' title='bbox 585 3853 774 3924; x_wconf 82' lang='lat' dir='ltr'><strong><em>remanent,</em></strong></span> <span class='ocrx_word' id='word_1_368' title='bbox 814 3856 951 3930; x_wconf 81' lang='lat' dir='ltr'><strong><em>cognata</em></strong></span> <span class='ocrx_word' id='word_1_369' title='bbox 983 3869 1051 3910; x_wconf 87' lang='lat' dir='ltr'><strong><em>esse</em></strong></span> <span class='ocrx_word' id='word_1_370' title='bbox 1076 3848 1125 3911; x_wconf 87' lang='lat' dir='ltr'><strong><em>vi·</em></strong></span> 
     </span>
     <span class='ocr_line' id='line_1_43' title="bbox 92 3928 1124 4025; baseline 0 -33"><span class='ocrx_word' id='word_1_371' title='bbox 92 3931 252 4023; x_wconf 29' lang='lat' dir='ltr'><strong><em>dentutj‘g</em></strong></span> <span class='ocrx_word' id='word_1_372' title='bbox 263 3929 497 4025; x_wconf 75' lang='lat' dir='ltr'><strong><em>negativumet</em></strong></span> <span class='ocrx_word' id='word_1_373' title='bbox 509 3928 613 3992; x_wconf 81' lang='lat' dir='ltr'><strong><em>lzaud.</em></strong></span> <span class='ocrx_word' id='word_1_374' title='bbox 659 3930 866 4015; x_wconf 85' lang='lat' dir='ltr'><strong><em>Quamquam</em></strong></span> <span class='ocrx_word' id='word_1_375' title='bbox 880 3953 950 3994; x_wconf 87' lang='lat' dir='ltr'><strong><em>non</em></strong></span> <span class='ocrx_word' id='word_1_376' title='bbox 967 3952 1050 4018; x_wconf 89' lang='lat' dir='ltr'><strong><em>opus</em></strong></span> <span class='ocrx_word' id='word_1_377' title='bbox 1066 3941 1124 4007; x_wconf 84' lang='lat' dir='ltr'><strong><em>est,</em></strong></span> 
     </span>
     <span class='ocr_line' id='line_1_44' title="bbox 90 4014 1124 4101; baseline 0 -22"><span class='ocrx_word' id='word_1_378' title='bbox 90 4026 129 4079; x_wconf 91' lang='lat' dir='ltr'><strong><em>ut</em></strong></span> <span class='ocrx_word' id='word_1_379' title='bbox 154 4024 355 4097; x_wconf 82' lang='lat' dir='ltr'><strong><em>statuamus,</em></strong></span> <span class='ocrx_word' id='word_1_380' title='bbox 385 4014 609 4100; x_wconf 76' lang='lat' dir='ltr'><strong><em>antiquissimo</em></strong></span> <span class='ocrx_word' id='word_1_381' title='bbox 640 4024 794 4101; x_wconf 82' lang='lat' dir='ltr'><strong><em>tempore</em></strong></span> <span class='ocrx_word' id='word_1_382' title='bbox 821 4015 945 4081; x_wconf 87' lang='lat' dir='ltr'><strong><em>dictum</em></strong></span> <span class='ocrx_word' id='word_1_383' title='bbox 973 4037 1042 4082; x_wconf 84' lang='lat' dir='ltr'><strong><em>esse</em></strong></span> <span class='ocrx_word' id='word_1_384' title='bbox 1064 4025 1124 4082; x_wconf 83' lang='lat' dir='ltr'><strong><em>aut</em></strong></span> 
     </span>
    </p>
   </div>
   <div class='ocr_carea' id='block_1_8' title="bbox 0 0 1336 4770">
    <p class='ocr_par' dir='ltr' id='par_1_8' title="bbox 0 0 1336 4770">
     <span class='ocr_line' id='line_1_45' title="bbox 0 0 1336 4770; baseline 0 0"><span class='ocrx_word' id='word_1_385' title='bbox 0 0 1336 4770; x_wconf 95' lang='lat' dir='ltr'><strong><em> </em></strong></span> 
     </span>
    </p>
   </div>
  </div>
 </body>
</html>
