2632 4770
557 198 748 319 Muxitani.
1120 258 1182 322 587

194 414 297 481 floruit.
339 407 446 465 Gellius
471 404 514 472 2⁰,
542 407 568 461 1.
598 409 646 462 sed
667 409 782 461 omniurn
810 412 923 463 maxime
944 416 1023 480 utpae
1048 413 1186 482 praecipue

191 500 277 567 fidem
297 496 385 548 caluit.
422 495 501 561 Quae
520 492 679 563 llerzogiur
695 493 730 545 de
753 494 951 547 vocabulorum
971 496 1071 551 horum
1085 498 1186 553 discri-

203 583 278 637 mine
295 581 433 648 disputet,
451 594 551 631 vereor
571 582 602 629 ut
615 577 681 631 satie
696 576 806 632 faciant.

219 719 271 784 Ex
285 719 357 804 ipsa
373 712 451 779 vero
470 712 621 778 vocabuli
647 715 882 800 significatione
898 715 1107 803 intelligitur,
1130 720 1186 803 qui

134 805 255 870 factum
285 805 343 882 sit,
374 811 411 863 ut
441 812 558 886 poetae
583 800 796 884 elegantiores
826 803 861 866 in
895 803 1093 866 carminibus
1120 805 1187 867 suis

133 910 202 955 uon
221 890 586 965 admitterentnomen‚
604 886 694 973 quod
714 887 892 951 intellectui
911 899 995 950 esset
1012 889 1185 974 proprium

132 994 193 1042 n'ec
209 976 355 1042 versibus
373 970 602 1034 commodum.
646 970 743 1059 ¹Apud
768 973 912 1035 comicos
935 982 1046 1036 tamen
1069 972 1187 1055 mulli·

132 1064 279 1151 plcxest
302 1078 395 1132 usus,
419 1066 450 1119 et
467 1056 634 1119 Phaedrus
656 1057 687 1137 4,
707 1061 756 1136 10,
776 1061 825 1123 17.
850 1057 980 1143 scripsit
1005 1056 1069 1122 tibi
1090 1060 1185 1125 inve·

133 1148 207 1212 uiri
238 1145 389 1208 maxime
422 1142 626 1206 contrarios.
684 1140 799 1204 Plauto
832 1143 1009 1227 proprium
1049 1146 1189 1229 videtur,
1293 1178 1297 1183 ¹

135 1231 225 1318 quod
240 1229 326 1293 hanc
342 1226 540 1315 particulam
556 1238 708 1293 extremo
723 1226 759 1292 iu
777 1247 874 1293 versu
890 1226 1053 1292 collocare
1070 1232 1165 1297 solet.

222 1368 250 1434 Ι.
295 1373 325 1432 1.
355 1365 446 1431 later
476 1367 664 1434 attributiva
694 1368 833 1433 nomine
863 1376 941 1431 suut
959 1366 1130 1451 mimive
1159 1380 1191 1435 et
1231 1388 1236 1395 ·

137 1456 256 1545 pertici
282 1453 330 1527 ia,
353 1452 618 1539 quibusadditur
634 1455 793 1530 maxime,
815 1474 877 1517 nec
893 1462 1023 1515 tantum
1041 1440 1217 1540 eassffbt'i'

138 1551 375 1629 superatrvum
401 1560 471 1602 non
498 1551 638 1625 possunt
661 1562 719 1604 sua
750 1538 862 1604 forma
891 1540 1101 1624 exprimere,
1132 1541 1191 1603 sed

140 1631 239 1693 ctiam
267 1648 321 1705 ea,
360 1644 503 1710 quorum
532 1627 750 1713 superlativus
783 1626 818 1706 in
850 1645 948 1687 uuum
976 1625 1074 1688 venit.
1127 1625 1193 1689 Sed

141 1715 288 1800 optimus
332 1711 447 1795 uisque
464 1710 609 1798 scriptor
627 1721 733 1789 cavet,
755 1732 798 1774 ne
818 1720 949 1797 praeter
964 1712 1194 1775 necessitatem

142 1799 294 1885 repudiet
308 1733 433 1861 Formas
452 1795 584 1881 linguae
601 1798 805 1861 constitutae.
848 1794 937 1861 Nam
959 1796 1049 1880 quod
1073 1795 1194 1859 discri-

142 1908 220 1949 men
236 1881 409 1953 iutercedit
426 1882 515 1945 iuter
528 1882 626 1951 verba
643 1881 708 1947 das
728 1878 937 1946 Niteztielnae
962 1891 993 1945 et
1016 1881 1065 1943 im
1088 1882 1195 1944 ledele-

141 1983 216 2035 sten
236 1966 356 2035 Grade
370 1966 537 2043 aurelian,
562 1989 707 2054 quorum
727 1964 793 2031 hoc
816 1967 856 2030 ad
880 1967 1103 2029 absolutarum
1127 1989 1194 2029 no-

142 2058 274 2120 tionum
299 2073 402 2139 genus
425 2052 560 2132 attinet,
581 2052 614 2117 id
639 2054 738 2117 etiam
759 2053 866 2117 Latini
890 2062 1110 2152 agnoverunt,
1133 2073 1195 2116 uec

142 2141 264 2224 ubique
287 2136 508 2201 utilissimum
531 2161 592 2223 pro
615 2138 766 2202 maxime
788 2137 868 2201 atili
888 2137 1056 2201 dixerunt.
1106 2137 1197 2201 Sub-

144 2223 293 2289 stantivis
312 2222 461 2285 maxime
479 2222 646 2303 adiicitur,
667 2223 725 2286 ubi
742 2245 778 2286 sa
795 2244 858 2308 pro
878 2223 1043 2287 adieetivis
1061 2244 1196 2308 ponun-

144 2322 217 2388 tur,
240 2316 295 2370 aut
321 2304 513 2371 adverbium
532 2328 608 2369 eum
634 2306 734 2370 verbo
758 2328 829 2370 esre
852 2308 1074 2392 compositum
1096 2331 1197 2394 prae-2

147 2394 244 2460 dicati
270 2386 419 2453 officium
444 2389 524 2453 obit.
566 2388 818 2454 Adverbianon
842 2403 1013 2454 assumunt
1036 2395 1197 2475 maxime,
1281 2396 1284 2403 ’

146 2483 202 2547 sed
219 2479 275 2541 ubi
293 2476 332 2540 de
344 2498 473 2539 summa
490 2496 526 2539 re
540 2472 903 2551 dicit.ur,'adverbialem
921 2477 1094 2540 notionem
1111 2480 1147 2541 in
1163 2501 1199 2543 se

146 2568 295 2651 recipere
313 2561 398 2624 solet
421 2562 530 2646 ipsum
552 2560 720 2624 maxime:
743 2560 841 2623 veluti
866 2560 1014 2624 maxime
1032 2583 1221 2647 prignare-

148 2666 198 2717 est
216 2649 359 2713 maxime
371 2646 504 2710 fortiter
518 2668 561 2733 pu
586 2668 665 2710 nare
678 2645 767 2731 apud
784 2644 1016 2731 Plaut.Amph.
1032 2655 1060 2726 1,
1079 2655 1109 2719 1.
1126 2653 1200 2717 271.

148 2738 360 2823 Aliquantum
385 2722 518 2814 differt,
549 2670 606 2797 ubi
628 2752 731 2818 qaam
753 2731 904 2827 manime
934 2729 976 2797 ad
1007 2730 1200 2814 adverbium

151 2824 341 2915 apponitur·
1132 2890 1142 2925 ,ι
1169 2860 1192 2891 ,-
1233 2880 1240 2907 Ι,

254 2941 367 2993 Terent.
390 2938 502 2993 Phorm.
523 2934 593 3001 21,
608 2914 651 2988 65
681 2952 728 2988 nee
750 2935 775 2988 ei
790 2940 911 3003 segnem
931 2938 970 2986 est
987 2898 1221 3005 eritream,‘ilidii‘¹
1236 2932 1268 3017 §.³2

214 3028 272 3094 suit
288 3042 387 3078 neeeeee
405 3025 507 3081 hubae.
541 3020 599 3079 Cic.
621 3016 1003 3084 temtationem
1024 3021 1141 3072 naturali
1157 3038 1211 3073 ea-·
1275 3068 1278 3073 .
1303 3062 1305 3066 .

219 3116 276 3161 rent
289 3109 412 3178 amicitia.
445 3106 489 3171 26,
505 3104 550 3158 86.
567 3123 616 3173 quo
630 3106 709 3158 etiam
722 3106 809 3175 magis
824 3104 998 3179 vituperando
1015 3111 1053 3155 eet
1067 3105 1105 3156 rei
1118 3106 1204 3157 mcci-

222 3210 263 3249 me
277 3190 432 3243 necessariae
453 3198 530 3245 tanta
552 3189 664 3241 incuria.
701 3190 780 3242 Caes.
801 3189 833 3245 B.
856 3188 925 3259 gell.
939 3189 966 3251 2,
981 3185 1008 3240 4.
1029 3189 1073 3255 qni
1092 3189 1205 3243 maxime

220 3275 276 3347 feri
290 3275 356 3325 inter
368 3274 436 3342 ipsos
453 3274 598 3332 moenera
616 3279 668 3327 ete.
704 3273 820 3342 Quintil.
836 3275 863 3339 1,
879 3273 980 3339 11,16.
1000 3273 1067 3340 quad
1083 3274 1124 3325 ita
1137 3273 1206 3342 opti·

222 3376 263 3412 mc
279 3357 380 3426 furiet,
395 3358 513 3415 ductas
526 3375 557 3411 es
571 3360 707 3412 comoediis
719 3360 827 3428 elegerit
841 3360 922 3424 locos,
941 3366 965 3410 et
980 3359 1017 3413 od
1033 3358 1080 3409 boc
1097 3357 1207 3413 maetas

218 3445 333 3498 6650656θῶ
762 3464 765 3471 ’
957 3438 960 3443 ⁴

259 3545 351 3602 Plaut.
369 3542 447 3610 (lapt.
462 3541 488 3606 1,
504 3540 531 3606 1,
545 3541 589 3597 61.
612 3544 794 3610 Menestam,
821 3561 940 3598 manum
962 3545 1077 3597 alienum
1100 3543 1210 3614 ingenio

224 3649 280 3691 sao.
314 3628 375 3683 ulit.
388 3624 453 3692 24,
469 3625 511 3679 11.
528 3626 572 3692 qui
584 3629 705 3695 propudii
718 3646 759 3681 me
774 3646 893 3683 morante
912 3630 1068 3680 innocentem
1076 3629 1152 3698 salso
1165 3628 1209 3679 ia·

149 3757 151 3763 .
229 3715 369 3769 einalceit.
404 3711 517 3765 Terent.
532 3708 655 3776 Aedui,
672 3711 699 3774 1,
714 3709 756 3765 16.
782 3714 871 3780 quites
892 3714 921 3767 id
942 3713 1054 3771 merisne
1078 3712 1142 3764 utile
1165 3716 1211 3771 ee,

229 3798 344 3864 Quintil.
361 3798 388 3862 6,
402 3798 428 3862 6,
445 3797 472 3857 6.
493 3793 607 3851 Terent.
623 3794 693 3850 ean.
708 3792 735 3858 6,
752 3794 778 3860 2,
794 3792 837 3847 26.
854 3815 916 3849 nam
938 3799 961 3850 ei
983 3815 1033 3868 ego
1053 3796 1138 3866 digna
1158 3780 1244 3869 bur]

226 3883 381 3939 contumelia
404 3899 462 3935 eam
483 3897 602 3939 mmm
619 3884 673 3935 ote.
716 3881 792 3942 01116.
812 3877 881 3946 Η,
893 3880 937 3935 26.
959 3882 1079 3940 mttere
1101 3880 1222 3941 matim-

228 3967 373 4043 similium
391 3966 502 4021 taceae.
867 4034 870 4039 .
911 4030 914 4035 ἡ

263 4065 687 4135 remuneraturum
705 4084 756 4139 ego
773 4074 911 4138 prognota
930 4084 988 4123 eure
1006 4064 1213 4127 mbo.
