2632 4770
431 250 555 320 Mlflss.
597 251 742 321 MODO.
1050 270 1114 337 σῃ

150 410 233 481 l’liu.
248 409 323 467 une
339 425 367 463 u.
383 404 427 474 14,
443 406 471 472 ,8,
486 405 513 460 5·
531 396 598 475 crude
617 407 759 478 (venitus)
772 416 835 464 notu
848 411 914 467 mire
928 416 955 468 iu
969 416 1093 482 illosait.

21 508 38 552 ἕ
113 546 115 551 -
161 513 218 569 Cic.
233 516 312 568 Vcrr.
327 511 353 578 ²,
366 507 469 575 8287·
485 509 587 578 capsus
600 513 730 578 quaedam
747 518 786 565 cst
804 531 836 566 eu
851 515 954 583 quidem
974 521 1058 586 mire,
1078 531 1109 578 nt

127 600 207 670 αἰαπι
222 616 284 662 aas,
303 595 348 666 qui
362 596 439 647 rudes
456 593 555 649 tusam
575 610 661 647 reram
683 612 786 659 sumus,
806 597 951 671 intelligere
971 608 1109 673 possimus,

102 696 108 705 ¹
126 684 277 753 enitescetis
293 689 319 733 et
335 685 446 732 aesaue.
481 675 542 729 Nou
562 683 628 746 puto
646 679 809 734 ciceronem
831 681 931 740 dixisse
952 689 1018 742 crire
1036 682 1125 757 scite,x

130 766 176 822 rctl
185 764 256 822 ¹nire
269 760 372 821 referri
387 761 469 814 debet
483 760 519 814 ed
530 761 644 816 verbale
652 769 741 833 sacta.
769 780 773 785 ·
880 770 885 777 '

325 1015 362 1047 0
455 959 696 1055 MODO.

142 1133 400 1214 Particularum,
422 1154 504 1220 quae
520 1132 714 1199 notionibus
736 1145 793 1200 aut
815 1136 939 1205 iudiciis
959 1139 1007 1206 siu
1034 1143 1106 1211 ula-

57 1245 132 1288 rem
156 1245 194 1287 ac
210 1219 381 1303 definitam¹
401 1219 565 1284 rationem
587 1218 782 1307 iniunguut,
802 1226 981 1292 nonnullae
1000 1166 1106 1298 dictas

59 1318 138 1387 sunt
159 1327 177 1373 e
200 1305 429 1380 substantivis,
463 1323 608 1391 quorum
632 1304 826 1391 significatio
845 1310 880 1373 in
906 1330 965 1375 usu
987 1314 1106 1380 adver·

58 1394 193 1459 biorum
210 1415 281 1457 non
304 1401 373 1455 tam
389 1389 458 1477 ipsa
481 1399 750 1475 tenetur,'quam
774 1389 826 1473 id,
851 1395 940 1480 quod
964 1397 998 1460 in
1022 1421 1105 1463 con.

56 1474 236 1544 stituendas
262 1477 415 1542 notiones
440 1475 518 1544 inde,
539 1474 720 1541 redundat..
764 1475 834 1542 Hoc
859 1490 968 1545 autem
995 1504 1034 1546 co
1056 1481 1105 1566 fit,

58 1565 150 1652 quod
168 1564 249 1630 haec
267 1561 422 1627 vocabula
439 1570 635 1648 purtessunt
648 1563 828 1629 sentcntiae
842 1586 912 1629 nou
930 1568 1027 1652 plene
1043 1591 1105 1632 ex-

57 1672 201 1739 pressae.
244 1653 285 1712 Aa
310 1670 350 1712 uc
366 1646 400 1716 id
416 1645 527 1733 'potest
551 1643 706 1733 exemplo
729 1646 909 1735 particulae
923 1652 1025 1716 modo
1043 1654 1105 1719 de-

57 1735 249 1801 monstrari.
287 1671 395 1798 lloclo
410 1732 499 1796 euim
515 1729 672 1797 ablativus
688 1741 738 1797 est
753 1735 897 1799 nominis
911 1737 1050 1818 modus,
1071 1750 1105 1804 et

57 1817 217 1907 siguificat
238 1819 277 1884 iu
300 1816 420 1899 modo,
443 1838 518 1880 cum
540 1815 653 1882 modo.
697 1813 864 1885 Sententia
886 1817 942 1886 fit:
967 1835 1105 1901 utrcum

58 1905 160 1970 modo
182 1907 349 1992 cogitem,
376 1904 444 1966 sive
467 1898 601 1965 diccmc
627 1923 668 1967 ex
692 1924 756 1990 qua
775 1925 880 1969 uuum
907 1907 1103 1975 vocabulum

56 1990 252 2080 primarium
268 1989 427 2054 retinetur
444 1985 655 2068 adnationes
673 1987 947 2075 determinandas.
988 1993 1103 2080 ltaque
1188 2034 1201 2043 -

57 2075 248 2146 adverbium
278 2073 455 2149 habemus,
482 2071 580 2151 etiarn
610 2083 734 2140 mutata
762 2074 928 2159 extremae
958 2079 1104 2166 syllabae

56 2184 211 2226 mensura
230 2161 412 2245 signatum,
435 2157 524 2240 quod
548 2178 651 2242 quum
673 2160 708 2224 in
732 2159 943 2239 moderandis
967 2176 1103 2231 seuten-

56 2247 110 2310 tiis
125 2269 196 2309 non
212 2267 278 2307 uno
295 2243 397 2307 modo
423 2238 633 2322 adhibeatur,
653 2263 724 2316 non
739 2265 808 2310 uuo
826 2248 987 2313 vocabulo
1007 2249 1122 2318 reddi‘

55 2340 182 2432 potest,
192 2347 253 2393 nec
261 2331 296 2392 in
306 2327 375 2391 aliis
383 2325 502 2412 linguis
512 2325 695 2391 invenimus
706 2350 841 2410 nomeu,
857 2335 949 2419 quod
965 2339 1102 2403 omnem

56 2417 159 2506 ipsius
184 2433 280 2478 usum
296 2410 543 2500 complectatur.

158 2531 320 2587 Perizonius
334 2531 369 2583 nd
386 2527 492 2584 sanctii
506 2527 606 2582 Miner.
624 2525 650 2596 4,
665 2527 691 2583 Ἀ
709 2528 880 2598 existimem,
898 2529 1032 2590 rationem
1054 2540 1104 2592 ad·

125 2617 214 2672 verbii
231 2618 307 2671 modo
322 2614 457 2684 explicari
475 2612 577 2666 debere
593 2613 703 2668 nomine
717 2614 754 2667 od
768 2614 872 2684 ellipsis
886 2620 1104 2686 supplementum

125 2697 321 2772 intelligendo,
341 2697 586 2770 insignificatioue
607 2699 737 2768 temporis
759 2697 921 2756 sententium
938 2721 998 2757 esse
1020 2707 1103 2764 dicits

125 2787 172 2839 boe
190 2787 313 2856 temporis
324 2786 400 2839 modo
416 2801 464 2838 seu
480 2792 623 2838 manicatos
650 2783 697 2836 ubi
722 2800 773 2851 pro
791 2785 874 2837 solum
893 2795 1023 2856 ponatur,
1041 2809 1103 2846 csse

123 2872 214 2938 quouis
227 2872 311 2925 modo.
345 2870 470 2923 Baueruv
485 2875 577 2925 autem
591 2870 739 2939 desperans
753 2885 877 2924 cunerem
885 2872 1000 2939 nescire,
1021 2893 1102 2945 quem

123 2953 222 3009 falsam
236 2950 405 3009 comminisci
419 2955 526 3009 mulsit·
621 3028 623 3033 Ι
638 3018 641 3023 ‚

138 3106 243 3172 Modo
259 3107 359 3196 igitur
374 3105 424 3175 vel
444 3130 515 3174 rem
532 3107 583 3173 vel
601 3102 773 3172 notionem
799 3113 833 3172 ct
846 3107 1043 3172 sententiam
1061 3109 1102 3175 ad

56 3188 196 3255 modum
222 3203 254 3256 et
285 3193 326 3256 ad
349 3196 530 3258 terminum
563 3200 716 3271 revocat,
750 3203 782 3259 et
811 3193 939 3292 duplici
967 3192 1102 3278 quidem

55 3277 185 3341 ratione
210 3278 390 3342 constituit.
433 3279 581 3343 Primum
608 3277 1101 3378 cnimrestring1t‚dumrcrn

57 3358 191 3426 cohibet
207 3371 240 3427 et
255 3364 294 3426 ab
311 3362 381 3428 aliis
397 3362 534 3428 secludit
549 3363 611 3437 ita,
634 3370 699 3441 ut,¹
732 3379 813 3428 uum
836 3386 872 3429 in
886 3362 981 3428 modi
1002 3363 1101 3431 adbi-

56 3445 158 3513 bendi
174 3446 309 3512 notione
332 3448 512 3536 cogitemus
536 3471 604 3512 nou
630 3385 736 3511 uliud
753 3467 874 3535 quum,
898 3470 967 3512 non
984 3470 1042 3514 mar
1070 3450 1101 3516 is

76 3554 177 3610 rrum,
204 3532 394 3599 accedamus
411 3534 451 3598 ad
468 3544 622 3612 tuntum,
644 3531 734 3619 quod
749 3534 862 3620 ipsum
880 3556 898 3599 a
915 3533 1018 3600 modo
1057 3535 1100 3602 'f-

55 3555 138 3682 lert:
169 3641 249 3685 nam
274 3629 408 3684 tuntum
429 3627 525 3684 notat
551 3615 787 3683 terminum'iu
809 3616 879 3707 ipsa
901 3643 937 3684 re
963 3623 1102 3712 conspi-

56 3723 175 3782 cuum,
199 3705 299 3770 modo
315 3716 423 3770 autem
443 3702 565 3793 pendet
583 3725 625 3767 ex
641 3702 838 3790 cogitatione
857 3705 1030 3792 loquentis.
1061 3705 1101 3772 lu

55 3787 170 3852 multis
187 3789 274 3855 idem
289 3803 338 3856 est
353 3790 444 3890 quod
461 3787 660 3855 adrnodum.
700 3783 827 3866 Deinde
841 3788 922 3856 haec
942 3791 1100 3857 determi-

55 3873 159 3937 nandi
173 3875 221 3938 vis
238 3876 353 3940 transit
369 3896 405 3943 m
419 3875 731 3946 demonstrativam,
752 3885 785 3960 et
804 3875 859 3940 ubi
875 3877 997 3962 aliquid
1014 3877 1100 3940 intra

56 3979 154 4023 suum
177 3961 315 4024 ruodum
339 3962 542 4041 continetur,
564 3961 675 4048 ipsum
701 3958 911 4050 distinguitur
931 3971 964 4026 et
989 3971 1100 4024 exacte

59 4041 233 4112 delinitur:
268 4046 368 4137 veluti
390 4071 479 4115 aune
500 4047 623 4132 modo,
653 4045 764 4199 mollio0
778 4046 920 4178 siccique
950 4043 1099 4112 dicimus.
