<?xml version="1.0" encoding="UTF-8"?>
<!DOCTYPE html PUBLIC "-//W3C//DTD XHTML 1.0 Transitional//EN"
    "http://www.w3.org/TR/xhtml1/DTD/xhtml1-transitional.dtd">
<html xmlns="http://www.w3.org/1999/xhtml" xml:lang="en" lang="en">
 <head>
  <title>
</title>
<meta http-equiv="Content-Type" content="text/html;charset=utf-8" />
  <meta name='ocr-system' content='tesseract 3.04.00' />
  <meta name='ocr-capabilities' content='ocr_page ocr_carea ocr_par ocr_line ocrx_word'/>
</head>
<body>
  <div class='ocr_page' id='page_1' title='image "./tursellinusseud01handgoog_0329.png"; bbox 0 0 2632 4770; ppageno 0'>
   <div class='ocr_carea' id='block_1_1' title="bbox 551 248 1112 322">
    <p class='ocr_par' dir='ltr' id='par_1_1' title="bbox 551 248 1112 322">
     <span class='ocr_line' id='line_1_1' title="bbox 551 248 1112 322; baseline 0.009 -7"><span class='ocrx_word' id='word_1_1' title='bbox 551 248 612 316; x_wconf 82' lang='lat' dir='ltr'><strong><em>IN.</em></strong></span> <span class='ocrx_word' id='word_1_2' title='bbox 890 315 891 319; x_wconf 73' lang='grc'>,</span> <span class='ocrx_word' id='word_1_3' title='bbox 967 271 969 274; x_wconf 67' lang='grc'>’</span> <span class='ocrx_word' id='word_1_4' title='bbox 1048 248 1112 322; x_wconf 77' lang='lat'><strong><em>888</em></strong></span> 
     </span>
    </p>
   </div>
   <div class='ocr_carea' id='block_1_2' title="bbox 112 400 1112 559">
    <p class='ocr_par' dir='ltr' id='par_1_2' title="bbox 112 400 1112 559">
     <span class='ocr_line' id='line_1_2' title="bbox 112 400 1112 480; baseline -0.009 -16"><span class='ocrx_word' id='word_1_5' title='bbox 112 405 214 480; x_wconf 72' lang='lat' dir='ltr'><strong><em>possint</em></strong></span> <span class='ocrx_word' id='word_1_6' title='bbox 228 423 282 461; x_wconf 82' lang='lat' dir='ltr'><strong><em>esso</em></strong></span> <span class='ocrx_word' id='word_1_7' title='bbox 294 406 362 462; x_wconf 80' lang='lat' dir='ltr'><strong><em>osai.</em></strong></span> <span class='ocrx_word' id='word_1_8' title='bbox 379 405 406 473; x_wconf 92' lang='grc'>6,</span> <span class='ocrx_word' id='word_1_9' title='bbox 412 403 465 460; x_wconf 78' lang='grc'><strong><em>29.</em></strong></span> <span class='ocrx_word' id='word_1_10' title='bbox 481 403 571 476; x_wconf 79' lang='lat' dir='ltr'><strong><em>Epist.</em></strong></span> <span class='ocrx_word' id='word_1_11' title='bbox 582 400 629 459; x_wconf 71' lang='grc'>911·</span> <span class='ocrx_word' id='word_1_12' title='bbox 645 400 752 470; x_wconf 77' lang='lat' dir='ltr'><strong><em>Plinii,</em></strong></span> <span class='ocrx_word' id='word_1_13' title='bbox 767 403 811 471; x_wconf 76' lang='grc'><strong><em>21,</em></strong></span> <span class='ocrx_word' id='word_1_14' title='bbox 823 404 869 460; x_wconf 81' lang='grc'>’32.</span> <span class='ocrx_word' id='word_1_15' title='bbox 886 405 986 474; x_wconf 89' lang='grc'>34,12,</span> <span class='ocrx_word' id='word_1_16' title='bbox 1002 408 1047 463; x_wconf 81' lang='grc'><strong><em>30.</em></strong></span> <span class='ocrx_word' id='word_1_17' title='bbox 1068 411 1112 476; x_wconf 76' lang='lat' dir='ltr'><strong><em>lo,</em></strong></span> 
     </span>
     <span class='ocr_line' id='line_1_3' title="bbox 118 490 1105 559; baseline -0.032 -12"><span class='ocrx_word' id='word_1_18' title='bbox 118 495 163 559; x_wconf 78' lang='grc'><strong><em>63,</em></strong></span> <span class='ocrx_word' id='word_1_19' title='bbox 181 492 224 546; x_wconf 78' lang='grc'><strong><em>14.</em></strong></span> <span class='ocrx_word' id='word_1_20' title='bbox 246 492 437 557; x_wconf 78' lang='grc'>0111111111,</span> <span class='ocrx_word' id='word_1_21' title='bbox 456 490 482 545; x_wconf 84' lang='lat'><strong><em>8.</em></strong></span> <span class='ocrx_word' id='word_1_22' title='bbox 768 520 770 525; x_wconf 88' lang='lat'><strong><em>.</em></strong></span> <span class='ocrx_word' id='word_1_23' title='bbox 1102 510 1105 515; x_wconf 88' lang='lat'><strong><em>.</em></strong></span> 
     </span>
    </p>
   </div>
   <div class='ocr_carea' id='block_1_3' title="bbox 30 593 1194 838">
    <p class='ocr_par' dir='ltr' id='par_1_3' title="bbox 30 593 1194 838">
     <span class='ocr_line' id='line_1_4' title="bbox 140 593 1115 664; baseline 0.002 -14"><span class='ocrx_word' id='word_1_24' title='bbox 140 597 327 663; x_wconf 69' lang='grc'>1111111111.</span> <span class='ocrx_word' id='word_1_25' title='bbox 343 596 370 661; x_wconf 84' lang='lat'><strong><em>1,</em></strong></span> <span class='ocrx_word' id='word_1_26' title='bbox 384 595 411 662; x_wconf 95' lang='grc'>9,</span> <span class='ocrx_word' id='word_1_27' title='bbox 427 595 455 649; x_wconf 89' lang='grc'><strong><em>3.</em></strong></span> <span class='ocrx_word' id='word_1_28' title='bbox 474 603 531 650; x_wconf 82' lang='lat' dir='ltr'><strong><em>tam</em></strong></span> <span class='ocrx_word' id='word_1_29' title='bbox 544 601 648 650; x_wconf 80' lang='lat' dir='ltr'><strong><em>senatos</em></strong></span> <span class='ocrx_word' id='word_1_30' title='bbox 659 593 820 664; x_wconf 73' lang='lat' dir='ltr'><strong><em>populosque</em></strong></span> <span class='ocrx_word' id='word_1_31' title='bbox 840 612 905 647; x_wconf 82' lang='lat' dir='ltr'><strong><em>rom.</em></strong></span> <span class='ocrx_word' id='word_1_32' title='bbox 922 594 954 648; x_wconf 75' lang='lat'><strong><em>11.</em></strong></span> <span class='ocrx_word' id='word_1_33' title='bbox 964 596 1115 653; x_wconf 79' lang='lat' dir='ltr'><strong><em>&#39;Aemiliam</em></strong></span> 
     </span>
     <span class='ocr_line' id='line_1_5' title="bbox 30 668 1194 755; baseline 0 -18"><span class='ocrx_word' id='word_1_34' title='bbox 30 680 33 688; x_wconf 75' lang='grc'><em>’</em></span> <span class='ocrx_word' id='word_1_35' title='bbox 118 684 242 737; x_wconf 81' lang='lat' dir='ltr'><strong><em>Paullum</em></strong></span> <span class='ocrx_word' id='word_1_36' title='bbox 259 710 295 721; x_wconf 91' lang='lat'><em>-</em></span> <span class='ocrx_word' id='word_1_37' title='bbox 311 683 398 735; x_wconf 79' lang='lat' dir='ltr'><strong><em>airum</em></strong></span> <span class='ocrx_word' id='word_1_38' title='bbox 421 683 450 735; x_wconf 86' lang='lat' dir='ltr'><strong><em>in</em></strong></span> <span class='ocrx_word' id='word_1_39' title='bbox 472 688 580 735; x_wconf 80' lang='lat' dir='ltr'><strong><em>tantam</em></strong></span> <span class='ocrx_word' id='word_1_40' title='bbox 599 680 782 744; x_wconf 78' lang='lat' dir='ltr'><strong><em>laudandam,</em></strong></span> <span class='ocrx_word' id='word_1_41' title='bbox 798 680 829 730; x_wconf 80' lang='lat' dir='ltr'><strong><em>im</em></strong></span> <span class='ocrx_word' id='word_1_42' title='bbox 850 686 978 746; x_wconf 80' lang='lat' dir='ltr'><strong><em>pacatum</em></strong></span> <span class='ocrx_word' id='word_1_43' title='bbox 999 668 1118 755; x_wconf 81' lang='lat' dir='ltr'><strong><em>intelligi</em></strong></span> <span class='ocrx_word' id='word_1_44' title='bbox 1191 678 1194 683; x_wconf 68' lang='grc'><strong>’</strong></span> 
     </span>
     <span class='ocr_line' id='line_1_6' title="bbox 62 761 1114 838; baseline 0.001 -17"><span class='ocrx_word' id='word_1_45' title='bbox 62 794 65 799; x_wconf 43' lang='grc'>“</span> <span class='ocrx_word' id='word_1_46' title='bbox 119 771 202 829; x_wconf 81' lang='lat' dir='ltr'><strong><em>oirtas</em></strong></span> <span class='ocrx_word' id='word_1_47' title='bbox 215 776 319 838; x_wconf 86' lang='lat' dir='ltr'><strong><em>potest,</em></strong></span> <span class='ocrx_word' id='word_1_48' title='bbox 335 769 465 822; x_wconf 82' lang='lat' dir='ltr'><strong><em>consulem</em></strong></span> <span class='ocrx_word' id='word_1_49' title='bbox 480 766 589 821; x_wconf 81' lang='lat' dir='ltr'><strong><em>creavit·</em></strong></span> <span class='ocrx_word' id='word_1_50' title='bbox 623 765 657 828; x_wconf 94' lang='grc'><strong><em>2,</em></strong></span> <span class='ocrx_word' id='word_1_51' title='bbox 673 762 724 829; x_wconf 90' lang='grc'><strong><em>43,</em></strong></span> <span class='ocrx_word' id='word_1_52' title='bbox 739 761 766 814; x_wconf 88' lang='grc'><strong><em>4.</em></strong></span> <span class='ocrx_word' id='word_1_53' title='bbox 791 764 844 815; x_wconf 87' lang='lat' dir='ltr'><strong><em>oiri</em></strong></span> <span class='ocrx_word' id='word_1_54' title='bbox 864 764 894 815; x_wconf 83' lang='lat' dir='ltr'><strong><em>ia</em></strong></span> <span class='ocrx_word' id='word_1_55' title='bbox 915 773 1019 820; x_wconf 85' lang='lat' dir='ltr'><strong><em>toatom</em></strong></span> <span class='ocrx_word' id='word_1_56' title='bbox 1045 771 1114 836; x_wconf 81' lang='lat' dir='ltr'><strong><em>toni,</em></strong></span> 
     </span>
    </p>
   </div>
   <div class='ocr_carea' id='block_1_4' title="bbox 119 847 1200 923">
    <p class='ocr_par' dir='ltr' id='par_1_4' title="bbox 119 847 1200 923">
     <span class='ocr_line' id='line_1_7' title="bbox 119 847 1200 923; baseline -0.001 -15"><span class='ocrx_word' id='word_1_57' title='bbox 119 857 147 908; x_wconf 86' lang='lat' dir='ltr'><strong><em>ia</em></strong></span> <span class='ocrx_word' id='word_1_58' title='bbox 165 863 291 923; x_wconf 81' lang='lat' dir='ltr'><strong><em>pacatam</em></strong></span> <span class='ocrx_word' id='word_1_59' title='bbox 305 855 424 906; x_wconf 76' lang='lat' dir='ltr'><strong><em>hamana</em></strong></span> <span class='ocrx_word' id='word_1_60' title='bbox 438 851 593 919; x_wconf 79' lang='lat' dir='ltr'><strong><em>simplicitas</em></strong></span> <span class='ocrx_word' id='word_1_61' title='bbox 608 850 726 920; x_wconf 76' lang='lat' dir='ltr'><strong><em>intelligi</em></strong></span> <span class='ocrx_word' id='word_1_62' title='bbox 735 856 827 919; x_wconf 81' lang='lat' dir='ltr'><strong><em>potest.</em></strong></span> <span class='ocrx_word' id='word_1_63' title='bbox 851 848 877 913; x_wconf 97' lang='grc'><strong><em>2,</em></strong></span> <span class='ocrx_word' id='word_1_64' title='bbox 892 847 952 914; x_wconf 83' lang='grc'>114,</span> <span class='ocrx_word' id='word_1_65' title='bbox 969 850 996 903; x_wconf 80' lang='grc'><strong><em>6.</em></strong></span> <span class='ocrx_word' id='word_1_66' title='bbox 1014 853 1040 918; x_wconf 92' lang='grc'><strong><em>1,</em></strong></span> <span class='ocrx_word' id='word_1_67' title='bbox 1051 851 1077 922; x_wconf 88' lang='grc'><strong><em>9,</em></strong></span> <span class='ocrx_word' id='word_1_68' title='bbox 1087 853 1114 907; x_wconf 88' lang='grc'><strong><em>3.</em></strong></span> <span class='ocrx_word' id='word_1_69' title='bbox 1195 873 1200 880; x_wconf 66' lang='grc'><strong>“</strong></span> 
     </span>
    </p>
   </div>
   <div class='ocr_carea' id='block_1_5' title="bbox 121 932 1137 1111">
    <p class='ocr_par' dir='ltr' id='par_1_5' title="bbox 121 932 1137 1111">
     <span class='ocr_line' id='line_1_8' title="bbox 121 932 1003 1003; baseline -0.005 -10"><span class='ocrx_word' id='word_1_70' title='bbox 121 939 213 994; x_wconf 75' lang='lat' dir='ltr'><strong><em>Tacit.</em></strong></span> <span class='ocrx_word' id='word_1_71' title='bbox 230 940 264 990; x_wconf 88' lang='lat' dir='ltr'><strong><em>de</em></strong></span> <span class='ocrx_word' id='word_1_72' title='bbox 285 936 403 990; x_wconf 76' lang='grc'>01112.</span> <span class='ocrx_word' id='word_1_73' title='bbox 421 936 592 1003; x_wconf 80' lang='lat' dir='ltr'><strong><em>inquantum</em></strong></span> <span class='ocrx_word' id='word_1_74' title='bbox 610 936 674 986; x_wconf 81' lang='lat' dir='ltr'><strong><em>satis</em></strong></span> <span class='ocrx_word' id='word_1_75' title='bbox 696 941 763 988; x_wconf 87' lang='lat' dir='ltr'><strong><em>erat.</em></strong></span> <span class='ocrx_word' id='word_1_76' title='bbox 797 932 846 986; x_wconf 85' lang='lat' dir='ltr'><strong><em>nbi</em></strong></span> <span class='ocrx_word' id='word_1_77' title='bbox 860 933 1003 988; x_wconf 78' lang='lat' dir='ltr'><strong><em>Eckstein.</em></strong></span> 
     </span>
     <span class='ocr_line' id='line_1_9' title="bbox 157 1026 1137 1111; baseline 0 -17"><span class='ocrx_word' id='word_1_78' title='bbox 157 1041 238 1097; x_wconf 82' lang='lat' dir='ltr'><strong><em>ovio.</em></strong></span> <span class='ocrx_word' id='word_1_79' title='bbox 254 1042 322 1094; x_wconf 79' lang='lat' dir='ltr'><strong><em>Met.</em></strong></span> <span class='ocrx_word' id='word_1_80' title='bbox 337 1040 380 1103; x_wconf 92' lang='lat' dir='ltr'><strong><em>ll,</em></strong></span> <span class='ocrx_word' id='word_1_81' title='bbox 395 1037 440 1091; x_wconf 82' lang='grc'><strong><em>11.</em></strong></span> <span class='ocrx_word' id='word_1_82' title='bbox 458 1040 551 1109; x_wconf 75' lang='lat' dir='ltr'><strong><em>quippe</em></strong></span> <span class='ocrx_word' id='word_1_83' title='bbox 564 1039 660 1106; x_wconf 84' lang='lat' dir='ltr'><strong><em>pedam</em></strong></span> <span class='ocrx_word' id='word_1_84' title='bbox 677 1036 795 1107; x_wconf 78' lang='lat' dir='ltr'><strong><em>digitos,</em></strong></span> <span class='ocrx_word' id='word_1_85' title='bbox 815 1037 845 1089; x_wconf 85' lang='lat' dir='ltr'><strong><em>ia</em></strong></span> <span class='ocrx_word' id='word_1_86' title='bbox 863 1049 990 1106; x_wconf 79' lang='lat' dir='ltr'><strong><em>pacatum</em></strong></span> <span class='ocrx_word' id='word_1_87' title='bbox 1006 1026 1137 1111; x_wconf 62' lang='lat' dir='ltr'><strong><em>paaeqoo‘</em></strong></span> 
     </span>
    </p>
   </div>
   <div class='ocr_carea' id='block_1_6' title="bbox 50 1120 1211 1200">
    <p class='ocr_par' dir='ltr' id='par_1_6' title="bbox 50 1120 1211 1200">
     <span class='ocr_line' id='line_1_10' title="bbox 50 1120 1211 1200; baseline -0.003 -18"><span class='ocrx_word' id='word_1_88' title='bbox 50 1123 51 1126; x_wconf 29' lang='lat'>¹</span> <span class='ocrx_word' id='word_1_89' title='bbox 119 1135 298 1200; x_wconf 80' lang='lat' dir='ltr'><strong><em>sequutaest,</em></strong></span> <span class='ocrx_word' id='word_1_90' title='bbox 320 1127 408 1179; x_wconf 77' lang='lat' dir='ltr'><strong><em>traxit.</em></strong></span> <span class='ocrx_word' id='word_1_91' title='bbox 443 1120 747 1187; x_wconf 60' lang='grc'>11111111111.</span> <span class='ocrx_word' id='word_1_92' title='bbox 767 1123 1118 1192; x_wconf 75' lang='grc'>2,129,3.811111.0111-</span> <span class='ocrx_word' id='word_1_93' title='bbox 1195 1125 1211 1154; x_wconf 60' lang='grc' dir='ltr'><strong><em>Ψ</em></strong></span> 
     </span>
    </p>
   </div>
   <div class='ocr_carea' id='block_1_7' title="bbox 122 1205 1139 1363">
    <p class='ocr_par' dir='ltr' id='par_1_7' title="bbox 122 1205 1139 1363">
     <span class='ocr_line' id='line_1_11' title="bbox 122 1205 1117 1279; baseline -0.001 -14"><span class='ocrx_word' id='word_1_94' title='bbox 122 1220 193 1266; x_wconf 83' lang='lat' dir='ltr'><strong><em>trev.</em></strong></span> <span class='ocrx_word' id='word_1_95' title='bbox 211 1211 237 1264; x_wconf 90' lang='grc'><strong><em>3.</em></strong></span> <span class='ocrx_word' id='word_1_96' title='bbox 262 1211 391 1263; x_wconf 86' lang='lat' dir='ltr'><strong><em>Prooem.</em></strong></span> <span class='ocrx_word' id='word_1_97' title='bbox 407 1226 434 1278; x_wconf 90' lang='lat' dir='ltr'><strong><em>p.</em></strong></span> <span class='ocrx_word' id='word_1_98' title='bbox 450 1207 513 1261; x_wconf 91' lang='grc'>221.</span> <span class='ocrx_word' id='word_1_99' title='bbox 531 1205 651 1260; x_wconf 82' lang='lat' dir='ltr'><strong><em>Elsevir.</em></strong></span> <span class='ocrx_word' id='word_1_100' title='bbox 687 1209 730 1261; x_wconf 83' lang='lat' dir='ltr'><strong><em>(li.</em></strong></span> <span class='ocrx_word' id='word_1_101' title='bbox 752 1209 852 1263; x_wconf 84' lang='lat' dir='ltr'><strong><em>Barth.</em></strong></span> <span class='ocrx_word' id='word_1_102' title='bbox 869 1211 1016 1265; x_wconf 77' lang='lat' dir='ltr'><strong><em>Adversas.</em></strong></span> <span class='ocrx_word' id='word_1_103' title='bbox 1029 1210 1074 1279; x_wconf 88' lang='grc'><strong><em>16,</em></strong></span> <span class='ocrx_word' id='word_1_104' title='bbox 1090 1212 1117 1266; x_wconf 86' lang='grc'><strong><em>6.</em></strong></span> 
     </span>
     <span class='ocr_line' id='line_1_12' title="bbox 122 1289 1139 1363; baseline -0.012 -12"><span class='ocrx_word' id='word_1_105' title='bbox 122 1297 168 1363; x_wconf 91' lang='grc'><strong><em>24,</em></strong></span> <span class='ocrx_word' id='word_1_106' title='bbox 183 1298 209 1351; x_wconf 91' lang='grc'><strong><em>3.</em></strong></span> <span class='ocrx_word' id='word_1_107' title='bbox 227 1298 378 1349; x_wconf 83' lang='lat' dir='ltr'><strong><em>Burmann.</em></strong></span> <span class='ocrx_word' id='word_1_108' title='bbox 395 1297 430 1349; x_wconf 82' lang='lat' dir='ltr'><strong><em>ad</em></strong></span> <span class='ocrx_word' id='word_1_109' title='bbox 445 1293 533 1355; x_wconf 83' lang='lat' dir='ltr'><strong><em>Rutil.</em></strong></span> <span class='ocrx_word' id='word_1_110' title='bbox 549 1292 612 1347; x_wconf 88' lang='lat' dir='ltr'><strong><em>ltin.</em></strong></span> <span class='ocrx_word' id='word_1_111' title='bbox 630 1292 656 1359; x_wconf 89' lang='lat'><strong><em>1,</em></strong></span> <span class='ocrx_word' id='word_1_112' title='bbox 668 1289 713 1344; x_wconf 90' lang='grc'><strong><em>46.</em></strong></span> <span class='ocrx_word' id='word_1_113' title='bbox 1136 1318 1139 1322; x_wconf 83' lang='grc'><em>·</em></span> 
     </span>
    </p>
   </div>
   <div class='ocr_carea' id='block_1_8' title="bbox 116 1388 1118 1554">
    <p class='ocr_par' dir='ltr' id='par_1_8' title="bbox 116 1388 1118 1554">
     <span class='ocr_line' id='line_1_13' title="bbox 116 1388 1118 1477; baseline -0.002 -21"><span class='ocrx_word' id='word_1_114' title='bbox 116 1472 119 1477; x_wconf 23' lang='grc'>1</span> <span class='ocrx_word' id='word_1_115' title='bbox 160 1403 258 1471; x_wconf 79' lang='lat' dir='ltr'><strong><em>Dictys</em></strong></span> <span class='ocrx_word' id='word_1_116' title='bbox 276 1401 350 1453; x_wconf 75' lang='lat' dir='ltr'><strong><em>Cret,</em></strong></span> <span class='ocrx_word' id='word_1_117' title='bbox 372 1398 412 1468; x_wconf 78' lang='grc'><strong><em>2,</em></strong></span> <span class='ocrx_word' id='word_1_118' title='bbox 431 1397 474 1451; x_wconf 90' lang='grc'><strong><em>32.</em></strong></span> <span class='ocrx_word' id='word_1_119' title='bbox 503 1400 532 1450; x_wconf 88' lang='lat' dir='ltr'><strong><em>io</em></strong></span> <span class='ocrx_word' id='word_1_120' title='bbox 550 1399 719 1468; x_wconf 77' lang='lat' dir='ltr'><strong><em>aliquantam</em></strong></span> <span class='ocrx_word' id='word_1_121' title='bbox 740 1403 827 1450; x_wconf 82' lang='lat' dir='ltr'><strong><em>tracto</em></strong></span> <span class='ocrx_word' id='word_1_122' title='bbox 842 1399 990 1452; x_wconf 85' lang='lat' dir='ltr'><strong><em>certamine.</em></strong></span> <span class='ocrx_word' id='word_1_123' title='bbox 1015 1399 1050 1452; x_wconf 80' lang='lat' dir='ltr'><strong><em>do</em></strong></span> <span class='ocrx_word' id='word_1_124' title='bbox 1065 1388 1118 1470; x_wconf 81' lang='lat' dir='ltr'><strong><em>quo</em></strong></span> 
     </span>
     <span class='ocr_line' id='line_1_14' title="bbox 126 1481 961 1554; baseline -0.004 -14"><span class='ocrx_word' id='word_1_125' title='bbox 126 1505 179 1542; x_wconf 87' lang='lat' dir='ltr'><strong><em>usu</em></strong></span> <span class='ocrx_word' id='word_1_126' title='bbox 193 1487 341 1554; x_wconf 78' lang='lat' dir='ltr'><strong>Wopkens.</strong></span> <span class='ocrx_word' id='word_1_127' title='bbox 357 1485 386 1538; x_wconf 91' lang='lat' dir='ltr'><strong><em>in</em></strong></span> <span class='ocrx_word' id='word_1_128' title='bbox 401 1484 519 1538; x_wconf 87' lang='lat' dir='ltr'><strong><em>Miscell.</em></strong></span> <span class='ocrx_word' id='word_1_129' title='bbox 535 1485 654 1537; x_wconf 82' lang='lat' dir='ltr'><strong><em>Obsenv.</em></strong></span> <span class='ocrx_word' id='word_1_130' title='bbox 667 1481 737 1536; x_wconf 79' lang='lat' dir='ltr'><strong><em>Nor.</em></strong></span> <span class='ocrx_word' id='word_1_131' title='bbox 755 1481 815 1535; x_wconf 84' lang='grc'>111.</span> <span class='ocrx_word' id='word_1_132' title='bbox 829 1483 855 1537; x_wconf 89' lang='grc'><strong><em>2.</em></strong></span> <span class='ocrx_word' id='word_1_133' title='bbox 874 1501 901 1551; x_wconf 90' lang='lat' dir='ltr'><strong><em>p.</em></strong></span> <span class='ocrx_word' id='word_1_134' title='bbox 918 1482 961 1537; x_wconf 88' lang='grc'><strong><em>36.</em></strong></span> 
     </span>
    </p>
   </div>
   <div class='ocr_carea' id='block_1_9' title="bbox 56 1580 1211 2204">
    <p class='ocr_par' dir='ltr' id='par_1_9' title="bbox 56 1580 1211 2204">
     <span class='ocr_line' id='line_1_15' title="bbox 143 1580 1119 1684; baseline -0.005 -20"><span class='ocrx_word' id='word_1_135' title='bbox 143 1598 196 1664; x_wconf 78' lang='lat'><strong><em>54.</em></strong></span> <span class='ocrx_word' id='word_1_136' title='bbox 223 1597 267 1661; x_wconf 82' lang='lat' dir='ltr'><strong><em>Io</em></strong></span> <span class='ocrx_word' id='word_1_137' title='bbox 276 1587 455 1684; x_wconf 79' lang='lat' dir='ltr'><strong><em>publicam</em></strong></span> <span class='ocrx_word' id='word_1_138' title='bbox 473 1605 522 1660; x_wconf 82' lang='lat' dir='ltr'><strong><em>est</em></strong></span> <span class='ocrx_word' id='word_1_139' title='bbox 536 1594 688 1681; x_wconf 80' lang='lat' dir='ltr'><strong><em>publice,</em></strong></span> <span class='ocrx_word' id='word_1_140' title='bbox 710 1614 771 1658; x_wconf 89' lang='lat' dir='ltr'><strong><em>nee</em></strong></span> <span class='ocrx_word' id='word_1_141' title='bbox 790 1603 923 1658; x_wconf 85' lang='lat' dir='ltr'><strong><em>tantum</em></strong></span> <span class='ocrx_word' id='word_1_142' title='bbox 947 1616 1023 1661; x_wconf 88' lang='lat' dir='ltr'><strong><em>cum</em></strong></span> <span class='ocrx_word' id='word_1_143' title='bbox 1037 1580 1119 1660; x_wconf 60' lang='lat' dir='ltr'><strong><em>&#39;ver-</em></strong></span> 
     </span>
     <span class='ocr_line' id='line_1_16' title="bbox 56 1680 1120 1771; baseline -0.008 -20"><span class='ocrx_word' id='word_1_144' title='bbox 56 1687 109 1751; x_wconf 93' lang='lat' dir='ltr'><strong><em>bis</em></strong></span> <span class='ocrx_word' id='word_1_145' title='bbox 138 1683 327 1771; x_wconf 86' lang='lat' dir='ltr'><strong><em>deponendi</em></strong></span> <span class='ocrx_word' id='word_1_146' title='bbox 354 1680 604 1760; x_wconf 83' lang='lat' dir='ltr'><strong><em>conferendive,</em></strong></span> <span class='ocrx_word' id='word_1_147' title='bbox 636 1680 695 1744; x_wconf 89' lang='lat' dir='ltr'><strong><em>sed</em></strong></span> <span class='ocrx_word' id='word_1_148' title='bbox 720 1681 820 1743; x_wconf 81' lang='lat' dir='ltr'><strong><em>etiam</em></strong></span> <span class='ocrx_word' id='word_1_149' title='bbox 846 1702 922 1743; x_wconf 90' lang='lat' dir='ltr'><strong><em>cum</em></strong></span> <span class='ocrx_word' id='word_1_150' title='bbox 947 1682 1120 1746; x_wconf 78' lang='grc'>11111101-</span> 
     </span>
     <span class='ocr_line' id='line_1_17' title="bbox 58 1765 1121 1858; baseline -0.007 -22"><span class='ocrx_word' id='word_1_151' title='bbox 58 1773 220 1858; x_wconf 81' lang='lat' dir='ltr'><strong><em>iungitur.</em></strong></span> <span class='ocrx_word' id='word_1_152' title='bbox 246 1768 318 1833; x_wconf 87' lang='lat' dir='ltr'><strong><em>.Cf.</em></strong></span> <span class='ocrx_word' id='word_1_153' title='bbox 337 1766 557 1856; x_wconf 86' lang='lat' dir='ltr'><strong>Oudendorp.</strong></span> <span class='ocrx_word' id='word_1_154' title='bbox 573 1766 613 1830; x_wconf 84' lang='lat' dir='ltr'><strong><em>sd</em></strong></span> <span class='ocrx_word' id='word_1_155' title='bbox 630 1767 724 1831; x_wconf 81' lang='lat' dir='ltr'><strong><em>Caes.</em></strong></span> <span class='ocrx_word' id='word_1_156' title='bbox 741 1765 781 1830; x_wconf 88' lang='lat' dir='ltr'><strong><em>B.</em></strong></span> <span class='ocrx_word' id='word_1_157' title='bbox 798 1768 858 1829; x_wconf 87' lang='lat' dir='ltr'><strong><em>civ.</em></strong></span> <span class='ocrx_word' id='word_1_158' title='bbox 877 1773 905 1841; x_wconf 88' lang='lat'><strong><em>1,</em></strong></span> <span class='ocrx_word' id='word_1_159' title='bbox 924 1773 976 1832; x_wconf 77' lang='lat'><strong><em>23.</em></strong></span> <span class='ocrx_word' id='word_1_160' title='bbox 1022 1768 1121 1848; x_wconf 86' lang='lat' dir='ltr'><strong><em>Quo·</em></strong></span> 
     </span>
     <span class='ocr_line' id='line_1_18' title="bbox 60 1852 1124 1940; baseline -0.006 -19"><span class='ocrx_word' id='word_1_161' title='bbox 60 1858 164 1922; x_wconf 88' lang='lat' dir='ltr'><strong><em>modo</em></strong></span> <span class='ocrx_word' id='word_1_162' title='bbox 179 1858 217 1920; x_wconf 83' lang='lat' dir='ltr'><strong><em>ia</em></strong></span> <span class='ocrx_word' id='word_1_163' title='bbox 232 1877 408 1940; x_wconf 76' lang='lat' dir='ltr'><strong><em>commune</em></strong></span> <span class='ocrx_word' id='word_1_164' title='bbox 433 1854 578 1928; x_wconf 81' lang='lat' dir='ltr'><strong><em>dicatur,</em></strong></span> <span class='ocrx_word' id='word_1_165' title='bbox 601 1852 789 1940; x_wconf 84' lang='lat' dir='ltr'><strong><em>expositum</em></strong></span> <span class='ocrx_word' id='word_1_166' title='bbox 813 1862 862 1916; x_wconf 87' lang='lat' dir='ltr'><strong><em>est</em></strong></span> <span class='ocrx_word' id='word_1_167' title='bbox 883 1875 918 1940; x_wconf 92' lang='lat' dir='ltr'><strong><em>p.</em></strong></span> <span class='ocrx_word' id='word_1_168' title='bbox 936 1858 1011 1918; x_wconf 82' lang='lat'><strong><em>330.</em></strong></span> <span class='ocrx_word' id='word_1_169' title='bbox 1055 1853 1124 1918; x_wconf 86' lang='lat' dir='ltr'><strong><em>Nec</em></strong></span> 
     </span>
     <span class='ocr_line' id='line_1_19' title="bbox 61 1939 1211 2026; baseline -0.004 -20"><span class='ocrx_word' id='word_1_170' title='bbox 61 1941 177 2007; x_wconf 86' lang='lat' dir='ltr'><strong><em>differt</em></strong></span> <span class='ocrx_word' id='word_1_171' title='bbox 192 1944 229 2006; x_wconf 83' lang='grc'><strong><em>11</em></strong></span> <span class='ocrx_word' id='word_1_172' title='bbox 248 1941 421 2019; x_wconf 84' lang='lat' dir='ltr'><strong><em>mediam,</em></strong></span> <span class='ocrx_word' id='word_1_173' title='bbox 445 1939 535 2026; x_wconf 82' lang='lat' dir='ltr'><strong><em>quod</em></strong></span> <span class='ocrx_word' id='word_1_174' title='bbox 558 1947 608 2004; x_wconf 86' lang='lat' dir='ltr'><strong><em>est</em></strong></span> <span class='ocrx_word' id='word_1_175' title='bbox 632 1939 683 2004; x_wconf 87' lang='lat' dir='ltr'><strong><em>vel</em></strong></span> <span class='ocrx_word' id='word_1_176' title='bbox 710 1939 745 2001; x_wconf 90' lang='lat' dir='ltr'><strong><em>in</em></strong></span> <span class='ocrx_word' id='word_1_177' title='bbox 769 1940 985 2004; x_wconf 80' lang='lat' dir='ltr'><strong><em>communem</em></strong></span> <span class='ocrx_word' id='word_1_178' title='bbox 1013 1960 1123 2017; x_wconf 88' lang='lat' dir='ltr'><strong><em>usum,</em></strong></span> <span class='ocrx_word' id='word_1_179' title='bbox 1201 1955 1211 2001; x_wconf 74' lang='lat' dir='ltr'><strong><em>J</em></strong></span> 
     </span>
     <span class='ocr_line' id='line_1_20' title="bbox 61 2022 1184 2115; baseline -0.007 -20"><span class='ocrx_word' id='word_1_180' title='bbox 61 2030 113 2095; x_wconf 86' lang='lat' dir='ltr'><strong><em>vel</em></strong></span> <span class='ocrx_word' id='word_1_181' title='bbox 131 2026 274 2115; x_wconf 82' lang='lat' dir='ltr'><strong><em>publice.</em></strong></span> <span class='ocrx_word' id='word_1_182' title='bbox 318 2029 362 2093; x_wconf 88' lang='lat' dir='ltr'><strong><em>Et</em></strong></span> <span class='ocrx_word' id='word_1_183' title='bbox 376 2026 416 2090; x_wconf 81' lang='lat' dir='ltr'><strong><em>ad</em></strong></span> <span class='ocrx_word' id='word_1_184' title='bbox 439 2025 530 2090; x_wconf 90' lang='lat' dir='ltr'><strong><em>idem</em></strong></span> <span class='ocrx_word' id='word_1_185' title='bbox 555 2047 660 2112; x_wconf 84' lang='lat' dir='ltr'><strong><em>genus</em></strong></span> <span class='ocrx_word' id='word_1_186' title='bbox 679 2022 798 2090; x_wconf 83' lang='lat' dir='ltr'><strong><em>referri</em></strong></span> <span class='ocrx_word' id='word_1_187' title='bbox 822 2025 919 2091; x_wconf 88' lang='lat' dir='ltr'><strong><em>debet</em></strong></span> <span class='ocrx_word' id='word_1_188' title='bbox 941 2029 980 2091; x_wconf 85' lang='lat' dir='ltr'><strong><em>ia</em></strong></span> <span class='ocrx_word' id='word_1_189' title='bbox 1002 2026 1123 2112; x_wconf 77' lang='lat' dir='ltr'><strong><em>valgos</em></strong></span> <span class='ocrx_word' id='word_1_190' title='bbox 1183 2041 1184 2045; x_wconf 74' lang='grc'>’</span> 
     </span>
     <span class='ocr_line' id='line_1_21' title="bbox 61 2113 466 2204; baseline -0.015 -23"><span class='ocrx_word' id='word_1_191' title='bbox 61 2138 128 2204; x_wconf 90' lang='lat' dir='ltr'><strong><em>pro</em></strong></span> <span class='ocrx_word' id='word_1_192' title='bbox 147 2115 247 2202; x_wconf 75' lang='lat' dir='ltr'><strong><em>volgo</em></strong></span> <span class='ocrx_word' id='word_1_193' title='bbox 265 2114 427 2201; x_wconf 89' lang='lat' dir='ltr'><strong><em>positum.</em></strong></span> <span class='ocrx_word' id='word_1_194' title='bbox 464 2113 466 2118; x_wconf 80' lang='grc'><strong>’</strong></span> 
     </span>
    </p>
   </div>
   <div class='ocr_carea' id='block_1_10' title="bbox 132 2230 1125 2388">
    <p class='ocr_par' dir='ltr' id='par_1_10' title="bbox 132 2230 1125 2388">
     <span class='ocr_line' id='line_1_22' title="bbox 167 2230 1125 2304; baseline -0.001 -16"><span class='ocrx_word' id='word_1_195' title='bbox 167 2237 247 2289; x_wconf 84' lang='lat' dir='ltr'><strong><em>Caes.</em></strong></span> <span class='ocrx_word' id='word_1_196' title='bbox 261 2235 294 2292; x_wconf 85' lang='lat' dir='ltr'><strong><em>B.</em></strong></span> <span class='ocrx_word' id='word_1_197' title='bbox 311 2234 365 2289; x_wconf 85' lang='lat' dir='ltr'><strong><em>civ.</em></strong></span> <span class='ocrx_word' id='word_1_198' title='bbox 385 2232 411 2298; x_wconf 88' lang='lat'><strong><em>1,</em></strong></span> <span class='ocrx_word' id='word_1_199' title='bbox 425 2230 469 2284; x_wconf 84' lang='grc'><strong><em>23.</em></strong></span> <span class='ocrx_word' id='word_1_200' title='bbox 487 2231 633 2284; x_wconf 77' lang='lat' dir='ltr'><strong><em>mtertiom</em></strong></span> <span class='ocrx_word' id='word_1_201' title='bbox 652 2231 772 2301; x_wconf 74' lang='lat' dir='ltr'><strong><em>sexagies</em></strong></span> <span class='ocrx_word' id='word_1_202' title='bbox 785 2258 821 2274; x_wconf 93' lang='lat'>-</span> <span class='ocrx_word' id='word_1_203' title='bbox 836 2232 868 2285; x_wconf 81' lang='lat' dir='ltr'><strong><em>in</em></strong></span> <span class='ocrx_word' id='word_1_204' title='bbox 886 2233 1021 2304; x_wconf 78' lang='lat' dir='ltr'><strong><em>patticam</em></strong></span> <span class='ocrx_word' id='word_1_205' title='bbox 1044 2234 1125 2302; x_wconf 87' lang='lat' dir='ltr'><strong><em>depo-</em></strong></span> 
     </span>
     <span class='ocr_line' id='line_1_23' title="bbox 132 2318 883 2388; baseline -0.009 -11"><span class='ocrx_word' id='word_1_206' title='bbox 132 2329 230 2377; x_wconf 78' lang='lat' dir='ltr'><strong><em>suerat.</em></strong></span> <span class='ocrx_word' id='word_1_207' title='bbox 265 2319 292 2386; x_wconf 88' lang='grc'><strong><em>2,</em></strong></span> <span class='ocrx_word' id='word_1_208' title='bbox 307 2319 351 2372; x_wconf 91' lang='grc'><strong><em>22.</em></strong></span> <span class='ocrx_word' id='word_1_209' title='bbox 363 2320 531 2388; x_wconf 78' lang='lat' dir='ltr'><strong><em>frumentum</em></strong></span> <span class='ocrx_word' id='word_1_210' title='bbox 548 2319 576 2369; x_wconf 80' lang='lat' dir='ltr'><strong><em>ist</em></strong></span> <span class='ocrx_word' id='word_1_211' title='bbox 587 2318 720 2387; x_wconf 81' lang='lat' dir='ltr'><strong><em>pollicum</em></strong></span> <span class='ocrx_word' id='word_1_212' title='bbox 735 2323 883 2386; x_wconf 78' lang='lat' dir='ltr'><strong><em>conferant.</em></strong></span> 
     </span>
    </p>
   </div>
   <div class='ocr_carea' id='block_1_11' title="bbox 56 2419 1177 3168">
    <p class='ocr_par' dir='ltr' id='par_1_11' title="bbox 132 2419 1128 2752">
     <span class='ocr_line' id='line_1_24' title="bbox 170 2419 1126 2490; baseline -0.002 -12"><span class='ocrx_word' id='word_1_213' title='bbox 170 2427 249 2478; x_wconf 84' lang='lat' dir='ltr'><strong><em>Caes.</em></strong></span> <span class='ocrx_word' id='word_1_214' title='bbox 272 2422 378 2478; x_wconf 78' lang='lat' dir='ltr'><strong><em>B.&#39;civ.</em></strong></span> <span class='ocrx_word' id='word_1_215' title='bbox 392 2419 425 2487; x_wconf 91' lang='grc'><strong><em>2,</em></strong></span> <span class='ocrx_word' id='word_1_216' title='bbox 443 2419 488 2471; x_wconf 71' lang='lat'><strong><em>212</em></strong></span> <span class='ocrx_word' id='word_1_217' title='bbox 510 2420 634 2488; x_wconf 80' lang='lat' dir='ltr'><strong><em>pecunias</em></strong></span> <span class='ocrx_word' id='word_1_218' title='bbox 653 2421 683 2472; x_wconf 86' lang='lat' dir='ltr'><strong><em>io</em></strong></span> <span class='ocrx_word' id='word_1_219' title='bbox 702 2422 834 2489; x_wconf 80' lang='lat' dir='ltr'><strong><em>pollicum</em></strong></span> <span class='ocrx_word' id='word_1_220' title='bbox 849 2420 965 2490; x_wconf 71' lang='lat' dir='ltr'><strong><em>polliciti.</em></strong></span> <span class='ocrx_word' id='word_1_221' title='bbox 1002 2423 1081 2489; x_wconf 79' lang='lat' dir='ltr'><strong><em>Quae</em></strong></span> <span class='ocrx_word' id='word_1_222' title='bbox 1101 2422 1126 2477; x_wconf 89' lang='lat' dir='ltr'><strong><em>si</em></strong></span> 
     </span>
     <span class='ocr_line' id='line_1_25' title="bbox 133 2503 1126 2581; baseline -0.001 -18"><span class='ocrx_word' id='word_1_223' title='bbox 133 2510 246 2581; x_wconf 78' lang='lat' dir='ltr'><strong><em>cognita</em></strong></span> <span class='ocrx_word' id='word_1_224' title='bbox 268 2504 429 2560; x_wconf 77' lang='lat' dir='ltr'><strong><em>habuissent</em></strong></span> <span class='ocrx_word' id='word_1_225' title='bbox 453 2503 560 2570; x_wconf 87' lang='lat' dir='ltr'><strong><em>critici,</em></strong></span> <span class='ocrx_word' id='word_1_226' title='bbox 576 2521 629 2556; x_wconf 93' lang='lat' dir='ltr'><strong><em>non</em></strong></span> <span class='ocrx_word' id='word_1_227' title='bbox 651 2504 852 2559; x_wconf 77' lang='lat' dir='ltr'><strong><em>dubitavissent</em></strong></span> <span class='ocrx_word' id='word_1_228' title='bbox 873 2505 907 2557; x_wconf 86' lang='lat' dir='ltr'><strong><em>dc</em></strong></span> <span class='ocrx_word' id='word_1_229' title='bbox 930 2507 992 2559; x_wconf 88' lang='lat' dir='ltr'><strong><em>loco</em></strong></span> <span class='ocrx_word' id='word_1_230' title='bbox 1009 2507 1126 2574; x_wconf 84' lang='lat' dir='ltr'><strong><em>Quintil.</em></strong></span> 
     </span>
     <span class='ocr_line' id='line_1_26' title="bbox 133 2590 1128 2663; baseline 0 -16"><span class='ocrx_word' id='word_1_231' title='bbox 133 2593 233 2660; x_wconf 79' lang='grc'>10,1,</span> <span class='ocrx_word' id='word_1_232' title='bbox 250 2594 275 2647; x_wconf 93' lang='grc'><strong><em>1.</em></strong></span> <span class='ocrx_word' id='word_1_233' title='bbox 295 2595 337 2646; x_wconf 77' lang='lat' dir='ltr'><strong><em>vio</em></strong></span> <span class='ocrx_word' id='word_1_234' title='bbox 351 2592 420 2646; x_wconf 85' lang='lat' dir='ltr'><strong><em>enim</em></strong></span> <span class='ocrx_word' id='word_1_235' title='bbox 437 2592 506 2644; x_wconf 82' lang='lat' dir='ltr'><strong><em>loco</em></strong></span> <span class='ocrx_word' id='word_1_236' title='bbox 514 2590 574 2657; x_wconf 83' lang='lat' dir='ltr'><strong><em>fide</em></strong></span> <span class='ocrx_word' id='word_1_237' title='bbox 589 2590 645 2642; x_wconf 88' lang='lat' dir='ltr'><strong><em>ciro</em></strong></span> <span class='ocrx_word' id='word_1_238' title='bbox 666 2591 780 2644; x_wconf 82' lang='lat' dir='ltr'><strong><em>convenit</em></strong></span> <span class='ocrx_word' id='word_1_239' title='bbox 802 2590 925 2655; x_wconf 76' lang='lat' dir='ltr'><strong><em>ancilium</em></strong></span> <span class='ocrx_word' id='word_1_240' title='bbox 946 2593 975 2644; x_wconf 84' lang='lat' dir='ltr'><strong><em>ia</em></strong></span> <span class='ocrx_word' id='word_1_241' title='bbox 995 2595 1128 2663; x_wconf 81' lang='lat' dir='ltr'><strong><em>publicam</em></strong></span> 
     </span>
     <span class='ocr_line' id='line_1_27' title="bbox 132 2660 1127 2752; baseline 0.001 -18"><span class='ocrx_word' id='word_1_242' title='bbox 132 2682 264 2752; x_wconf 82' lang='lat' dir='ltr'><strong><em>polliceri,</em></strong></span> <span class='ocrx_word' id='word_1_243' title='bbox 283 2679 351 2747; x_wconf 80' lang='lat' dir='ltr'><strong><em>quod</em></strong></span> <span class='ocrx_word' id='word_1_244' title='bbox 366 2678 396 2729; x_wconf 85' lang='lat' dir='ltr'><strong><em>ia</em></strong></span> <span class='ocrx_word' id='word_1_245' title='bbox 407 2675 621 2745; x_wconf 76' lang='lat' dir='ltr'><strong><em>praesentissimis</em></strong></span> <span class='ocrx_word' id='word_1_246' title='bbox 636 2677 776 2745; x_wconf 78' lang='lat' dir='ltr'><strong><em>pallasque</em></strong></span> <span class='ocrx_word' id='word_1_247' title='bbox 790 2660 914 2746; x_wconf 76' lang='lat' dir='ltr'><strong><em>perioolii</em></strong></span> <span class='ocrx_word' id='word_1_248' title='bbox 929 2678 1001 2730; x_wconf 87' lang='lat' dir='ltr'><strong><em>desit.</em></strong></span> <span class='ocrx_word' id='word_1_249' title='bbox 1037 2662 1127 2735; x_wconf 72' lang='lat' dir='ltr'><strong><em>Tacit.</em></strong></span> 
     </span>
    </p>

    <p class='ocr_par' dir='ltr' id='par_1_12' title="bbox 56 2759 1177 3168">
     <span class='ocr_line' id='line_1_28' title="bbox 56 2759 1135 2832; baseline 0.004 -16"><span class='ocrx_word' id='word_1_250' title='bbox 56 2812 57 2816; x_wconf 75' lang='grc'>,</span> <span class='ocrx_word' id='word_1_251' title='bbox 133 2769 204 2820; x_wconf 75' lang='lat' dir='ltr'><strong><em>dnn.</em></strong></span> <span class='ocrx_word' id='word_1_252' title='bbox 226 2764 259 2829; x_wconf 95' lang='grc'><strong><em>2,</em></strong></span> <span class='ocrx_word' id='word_1_253' title='bbox 281 2761 327 2815; x_wconf 82' lang='grc'><strong><em>48.</em></strong></span> <span class='ocrx_word' id='word_1_254' title='bbox 360 2761 535 2831; x_wconf 74' lang='lat' dir='ltr'><strong><em>magnificam</em></strong></span> <span class='ocrx_word' id='word_1_255' title='bbox 558 2759 588 2813; x_wconf 88' lang='lat' dir='ltr'><strong><em>ia</em></strong></span> <span class='ocrx_word' id='word_1_256' title='bbox 609 2762 741 2830; x_wconf 80' lang='lat' dir='ltr'><strong><em>pollicum</em></strong></span> <span class='ocrx_word' id='word_1_257' title='bbox 767 2763 937 2832; x_wconf 79' lang='lat' dir='ltr'><strong><em>largitionem</em></strong></span> <span class='ocrx_word' id='word_1_258' title='bbox 964 2764 1038 2816; x_wconf 73' lang='lat' dir='ltr'><strong><em>anxit</em></strong></span> <span class='ocrx_word' id='word_1_259' title='bbox 1060 2766 1135 2821; x_wconf 69' lang='lat' dir='ltr'><strong><em>Cae.</em></strong></span> 
     </span>
     <span class='ocr_line' id='line_1_29' title="bbox 135 2838 1177 2916; baseline -0.001 -12"><span class='ocrx_word' id='word_1_260' title='bbox 135 2870 189 2905; x_wconf 81' lang='lat' dir='ltr'><strong><em>sar.</em></strong></span> <span class='ocrx_word' id='word_1_261' title='bbox 209 2850 260 2915; x_wconf 88' lang='grc'><strong><em>13,</em></strong></span> <span class='ocrx_word' id='word_1_262' title='bbox 277 2847 330 2902; x_wconf 56' lang='lat'><strong><em>56..</em></strong></span> <span class='ocrx_word' id='word_1_263' title='bbox 347 2838 411 2900; x_wconf 72' lang='lat' dir='ltr'><strong><em>iaec</em></strong></span> <span class='ocrx_word' id='word_1_264' title='bbox 433 2847 464 2898; x_wconf 86' lang='lat' dir='ltr'><strong><em>io</em></strong></span> <span class='ocrx_word' id='word_1_265' title='bbox 478 2844 612 2914; x_wconf 79' lang='lat' dir='ltr'><strong><em>pollicum</em></strong></span> <span class='ocrx_word' id='word_1_266' title='bbox 636 2847 808 2916; x_wconf 79' lang='lat' dir='ltr'><strong><em>Ampsivariis</em></strong></span> <span class='ocrx_word' id='word_1_267' title='bbox 826 2848 965 2916; x_wconf 82' lang='lat' dir='ltr'><strong><em>respondit.</em></strong></span> <span class='ocrx_word' id='word_1_268' title='bbox 1000 2849 1128 2902; x_wconf 72' lang='grc'>111111-</span> <span class='ocrx_word' id='word_1_269' title='bbox 1173 2894 1177 2903; x_wconf 86' lang='lat'><strong><em>.</em></strong></span> 
     </span>
     <span class='ocr_line' id='line_1_30' title="bbox 113 2932 1129 3005; baseline -0.002 -18"><span class='ocrx_word' id='word_1_270' title='bbox 113 2936 178 2988; x_wconf 53' lang='lat' dir='ltr'><strong><em>ubis</em></strong></span> <span class='ocrx_word' id='word_1_271' title='bbox 200 2936 228 2988; x_wconf 88' lang='lat' dir='ltr'><strong><em>io</em></strong></span> <span class='ocrx_word' id='word_1_272' title='bbox 247 2935 383 3005; x_wconf 78' lang='lat' dir='ltr'><strong><em>pollicem</em></strong></span> <span class='ocrx_word' id='word_1_273' title='bbox 403 2934 482 2996; x_wconf 86' lang='lat' dir='ltr'><strong><em>dare,</em></strong></span> <span class='ocrx_word' id='word_1_274' title='bbox 508 2932 652 2997; x_wconf 82' lang='lat' dir='ltr'><strong><em>redimere,</em></strong></span> <span class='ocrx_word' id='word_1_275' title='bbox 683 2940 798 2999; x_wconf 77' lang='lat' dir='ltr'><strong><em>tamem,</em></strong></span> <span class='ocrx_word' id='word_1_276' title='bbox 824 2937 924 3001; x_wconf 73' lang='lat' dir='ltr'><strong><em>referre</em></strong></span> <span class='ocrx_word' id='word_1_277' title='bbox 940 2934 1061 2986; x_wconf 78' lang='lat' dir='ltr'><strong><em>Gronov,</em></strong></span> <span class='ocrx_word' id='word_1_278' title='bbox 1092 2934 1129 2987; x_wconf 81' lang='lat' dir='ltr'><strong><em>sd</em></strong></span> 
     </span>
     <span class='ocr_line' id='line_1_31' title="bbox 137 3014 1130 3090; baseline 0 -18"><span class='ocrx_word' id='word_1_279' title='bbox 137 3022 198 3073; x_wconf 83' lang='lat' dir='ltr'><strong><em>Lis.</em></strong></span> <span class='ocrx_word' id='word_1_280' title='bbox 213 3019 239 3085; x_wconf 87' lang='grc'><strong><em>2,</em></strong></span> <span class='ocrx_word' id='word_1_281' title='bbox 254 3020 279 3086; x_wconf 87' lang='grc'>9,</span> <span class='ocrx_word' id='word_1_282' title='bbox 295 3019 320 3074; x_wconf 90' lang='grc'><strong><em>6.</em></strong></span> <span class='ocrx_word' id='word_1_283' title='bbox 347 3019 439 3072; x_wconf 84' lang='lat' dir='ltr'><strong><em>Verba</em></strong></span> <span class='ocrx_word' id='word_1_284' title='bbox 461 3019 490 3069; x_wconf 85' lang='lat' dir='ltr'><strong><em>in</em></strong></span> <span class='ocrx_word' id='word_1_285' title='bbox 510 3018 644 3087; x_wconf 80' lang='lat' dir='ltr'><strong><em>pollicum</em></strong></span> <span class='ocrx_word' id='word_1_286' title='bbox 664 3018 784 3072; x_wconf 81' lang='lat' dir='ltr'><strong><em>addicere</em></strong></span> <span class='ocrx_word' id='word_1_287' title='bbox 804 3014 927 3072; x_wconf 85' lang='lat' dir='ltr'><strong><em>illustrat</em></strong></span> <span class='ocrx_word' id='word_1_288' title='bbox 946 3020 1070 3090; x_wconf 79' lang='lat' dir='ltr'><strong><em>Herzog.</em></strong></span> <span class='ocrx_word' id='word_1_289' title='bbox 1094 3019 1130 3073; x_wconf 81' lang='lat' dir='ltr'><strong><em>ad</em></strong></span> 
     </span>
     <span class='ocr_line' id='line_1_32' title="bbox 137 3101 475 3168; baseline 0.003 -12"><span class='ocrx_word' id='word_1_290' title='bbox 137 3106 215 3157; x_wconf 79' lang='lat' dir='ltr'><strong><em>Caes.</em></strong></span> <span class='ocrx_word' id='word_1_291' title='bbox 230 3105 304 3157; x_wconf 85' lang='lat' dir='ltr'><strong><em>Bell.</em></strong></span> <span class='ocrx_word' id='word_1_292' title='bbox 320 3105 373 3158; x_wconf 74' lang='lat' dir='ltr'><strong><em>civ,</em></strong></span> <span class='ocrx_word' id='word_1_293' title='bbox 389 3101 475 3168; x_wconf 83' lang='lat'><strong><em>2,18.</em></strong></span> 
     </span>
    </p>
   </div>
   <div class='ocr_carea' id='block_1_12' title="bbox 138 3203 1148 3457">
    <p class='ocr_par' dir='ltr' id='par_1_13' title="bbox 138 3203 1148 3457">
     <span class='ocr_line' id='line_1_33' title="bbox 175 3203 1140 3287; baseline 0.002 -26"><span class='ocrx_word' id='word_1_294' title='bbox 175 3208 288 3261; x_wconf 84' lang='lat' dir='ltr'><strong><em>Sallust.</em></strong></span> <span class='ocrx_word' id='word_1_295' title='bbox 301 3208 416 3276; x_wconf 80' lang='lat' dir='ltr'><strong><em>Fragm.</em></strong></span> <span class='ocrx_word' id='word_1_296' title='bbox 437 3203 664 3287; x_wconf 73' lang='grc' dir='ltr'>Η111οτ.11.16.</span> <span class='ocrx_word' id='word_1_297' title='bbox 681 3205 803 3259; x_wconf 80' lang='lat' dir='ltr'><strong><em>dissidere</em></strong></span> <span class='ocrx_word' id='word_1_298' title='bbox 822 3207 892 3283; x_wconf 84' lang='lat' dir='ltr'><strong><em>inter</em></strong></span> <span class='ocrx_word' id='word_1_299' title='bbox 912 3225 940 3261; x_wconf 85' lang='lat' dir='ltr'><strong><em>oe</em></strong></span> <span class='ocrx_word' id='word_1_300' title='bbox 962 3225 1064 3278; x_wconf 86' lang='lat' dir='ltr'><strong><em>coepere</em></strong></span> <span class='ocrx_word' id='word_1_301' title='bbox 1082 3227 1140 3263; x_wconf 84' lang='lat' dir='ltr'><strong><em>ao·-</em></strong></span> 
     </span>
     <span class='ocr_line' id='line_1_34' title="bbox 138 3290 1148 3364; baseline 0.002 -19"><span class='ocrx_word' id='word_1_302' title='bbox 138 3310 187 3361; x_wconf 75' lang='lat' dir='ltr'><strong><em>qae</em></strong></span> <span class='ocrx_word' id='word_1_303' title='bbox 204 3294 233 3345; x_wconf 86' lang='lat' dir='ltr'><strong><em>ia</em></strong></span> <span class='ocrx_word' id='word_1_304' title='bbox 252 3294 366 3345; x_wconf 84' lang='lat' dir='ltr'><strong><em>mediam</em></strong></span> <span class='ocrx_word' id='word_1_305' title='bbox 381 3295 534 3361; x_wconf 78' lang='lat' dir='ltr'><strong><em>consultare.</em></strong></span> <span class='ocrx_word' id='word_1_306' title='bbox 569 3291 645 3361; x_wconf 78' lang='lat' dir='ltr'><strong><em>Ving.</em></strong></span> <span class='ocrx_word' id='word_1_307' title='bbox 662 3292 713 3344; x_wconf 86' lang='lat' dir='ltr'><strong><em>Ge.</em></strong></span> <span class='ocrx_word' id='word_1_308' title='bbox 730 3290 830 3357; x_wconf 79' lang='grc'>1,121.</span> <span class='ocrx_word' id='word_1_309' title='bbox 847 3294 876 3345; x_wconf 84' lang='grc'><strong><em>11</em></strong></span> <span class='ocrx_word' id='word_1_310' title='bbox 890 3295 1003 3346; x_wconf 86' lang='lat' dir='ltr'><strong><em>medinm</em></strong></span> <span class='ocrx_word' id='word_1_311' title='bbox 1023 3312 1148 3364; x_wconf 64' lang='lat' dir='ltr'><strong><em>qaaere·</em></strong></span> 
     </span>
     <span class='ocr_line' id='line_1_35' title="bbox 139 3374 1128 3457; baseline 0.002 -27"><span class='ocrx_word' id='word_1_312' title='bbox 139 3379 212 3431; x_wconf 82' lang='lat' dir='ltr'><strong><em>boot.</em></strong></span> <span class='ocrx_word' id='word_1_313' title='bbox 247 3375 350 3457; x_wconf 58' lang='lat' dir='ltr'><strong><em>tiss,</em></strong></span> <span class='ocrx_word' id='word_1_314' title='bbox 368 3377 465 3430; x_wconf 80' lang='lat' dir='ltr'><strong><em>Senes.</em></strong></span> <span class='ocrx_word' id='word_1_315' title='bbox 478 3378 578 3453; x_wconf 71' lang='lat' dir='ltr'><strong><em>rigam.</em></strong></span> <span class='ocrx_word' id='word_1_316' title='bbox 593 3374 654 3430; x_wconf 88' lang='grc'>666.</span> <span class='ocrx_word' id='word_1_317' title='bbox 680 3377 753 3430; x_wconf 83' lang='lat' dir='ltr'><strong><em>iavet</em></strong></span> <span class='ocrx_word' id='word_1_318' title='bbox 767 3378 796 3429; x_wconf 86' lang='lat' dir='ltr'><strong><em>ia</em></strong></span> <span class='ocrx_word' id='word_1_319' title='bbox 809 3379 925 3432; x_wconf 85' lang='lat' dir='ltr'><strong><em>mediam</em></strong></span> <span class='ocrx_word' id='word_1_320' title='bbox 946 3381 1041 3447; x_wconf 82' lang='lat' dir='ltr'><strong><em>deflere</em></strong></span> <span class='ocrx_word' id='word_1_321' title='bbox 1061 3397 1128 3433; x_wconf 78' lang='lat' dir='ltr'><strong><em>soor.</em></strong></span> 
     </span>
    </p>
   </div>
   <div class='ocr_carea' id='block_1_13' title="bbox 138 3477 1132 3805">
    <p class='ocr_par' dir='ltr' id='par_1_14' title="bbox 138 3477 1132 3805">
     <span class='ocr_line' id='line_1_36' title="bbox 176 3477 1130 3550; baseline 0.003 -17"><span class='ocrx_word' id='word_1_322' title='bbox 176 3480 235 3533; x_wconf 78' lang='lat' dir='ltr'><strong><em>cic.</em></strong></span> <span class='ocrx_word' id='word_1_323' title='bbox 252 3481 287 3533; x_wconf 83' lang='lat' dir='ltr'><strong><em>nd</em></strong></span> <span class='ocrx_word' id='word_1_324' title='bbox 303 3480 358 3534; x_wconf 77' lang='lat' dir='ltr'><strong><em>Aa.</em></strong></span> <span class='ocrx_word' id='word_1_325' title='bbox 373 3477 398 3545; x_wconf 86' lang='lat'><strong><em>9,</em></strong></span> <span class='ocrx_word' id='word_1_326' title='bbox 414 3479 441 3532; x_wconf 81' lang='lat'><strong><em>5.</em></strong></span> <span class='ocrx_word' id='word_1_327' title='bbox 456 3481 527 3544; x_wconf 68' lang='lat' dir='ltr'><strong><em>alter</em></strong></span> <span class='ocrx_word' id='word_1_328' title='bbox 539 3480 676 3550; x_wconf 69' lang='lat' dir='ltr'><strong><em>religiosos</em></strong></span> <span class='ocrx_word' id='word_1_329' title='bbox 690 3479 770 3536; x_wconf 83' lang='lat' dir='ltr'><strong><em>etiam</em></strong></span> <span class='ocrx_word' id='word_1_330' title='bbox 784 3497 852 3532; x_wconf 81' lang='lat' dir='ltr'><strong><em>nano</em></strong></span> <span class='ocrx_word' id='word_1_331' title='bbox 867 3482 931 3545; x_wconf 86' lang='lat' dir='ltr'><strong><em>dies,</em></strong></span> <span class='ocrx_word' id='word_1_332' title='bbox 950 3483 1016 3534; x_wconf 84' lang='lat' dir='ltr'><strong><em>alter</em></strong></span> <span class='ocrx_word' id='word_1_333' title='bbox 1028 3484 1057 3535; x_wconf 89' lang='lat' dir='ltr'><strong><em>ia</em></strong></span> <span class='ocrx_word' id='word_1_334' title='bbox 1072 3485 1130 3536; x_wconf 83' lang='lat' dir='ltr'><strong><em>ool-</em></strong></span> 
     </span>
     <span class='ocr_line' id='line_1_37' title="bbox 140 3562 1132 3637; baseline 0.004 -20"><span class='ocrx_word' id='word_1_335' title='bbox 140 3583 193 3636; x_wconf 85' lang='lat' dir='ltr'><strong><em>gar</em></strong></span> <span class='ocrx_word' id='word_1_336' title='bbox 206 3568 320 3635; x_wconf 84' lang='lat' dir='ltr'><strong><em>ignotas.</em></strong></span> <span class='ocrx_word' id='word_1_337' title='bbox 354 3564 417 3618; x_wconf 74' lang='lat' dir='ltr'><strong><em>niv.</em></strong></span> <span class='ocrx_word' id='word_1_338' title='bbox 431 3564 458 3630; x_wconf 92' lang='grc'><strong><em>9,</em></strong></span> <span class='ocrx_word' id='word_1_339' title='bbox 473 3563 518 3628; x_wconf 89' lang='grc'><strong><em>33,</em></strong></span> <span class='ocrx_word' id='word_1_340' title='bbox 533 3562 560 3616; x_wconf 80' lang='grc'><strong><em>5.</em></strong></span> <span class='ocrx_word' id='word_1_341' title='bbox 577 3563 676 3618; x_wconf 78' lang='lat' dir='ltr'><strong><em>-Taeit</em></strong></span> <span class='ocrx_word' id='word_1_342' title='bbox 689 3564 757 3618; x_wconf 75' lang='lat' dir='ltr'><strong><em>dnn.</em></strong></span> <span class='ocrx_word' id='word_1_343' title='bbox 771 3564 804 3629; x_wconf 90' lang='grc'><strong><em>2,</em></strong></span> <span class='ocrx_word' id='word_1_344' title='bbox 819 3562 864 3616; x_wconf 71' lang='grc'><strong><em>59.</em></strong></span> <span class='ocrx_word' id='word_1_345' title='bbox 882 3567 909 3616; x_wconf 85' lang='lat' dir='ltr'><strong><em>ia</em></strong></span> <span class='ocrx_word' id='word_1_346' title='bbox 926 3566 1023 3635; x_wconf 81' lang='lat' dir='ltr'><strong><em>colgus</em></strong></span> <span class='ocrx_word' id='word_1_347' title='bbox 1038 3575 1132 3637; x_wconf 65' lang='lat' dir='ltr'><strong><em>grata«</em></strong></span> 
     </span>
     <span class='ocr_line' id='line_1_38' title="bbox 138 3646 1130 3720; baseline 0.005 -19"><span class='ocrx_word' id='word_1_348' title='bbox 138 3650 164 3714; x_wconf 93' lang='grc'><strong><em>1,</em></strong></span> <span class='ocrx_word' id='word_1_349' title='bbox 179 3648 222 3703; x_wconf 83' lang='grc'><strong><em>28.</em></strong></span> <span class='ocrx_word' id='word_1_350' title='bbox 237 3647 267 3715; x_wconf 88' lang='grc'>6,</span> <span class='ocrx_word' id='word_1_351' title='bbox 281 3646 326 3702; x_wconf 78' lang='grc'><strong><em>43.</em></strong></span> <span class='ocrx_word' id='word_1_352' title='bbox 351 3656 424 3705; x_wconf 86' lang='lat' dir='ltr'><strong><em>taota</em></strong></span> <span class='ocrx_word' id='word_1_353' title='bbox 442 3650 572 3719; x_wconf 72' lang='lat' dir='ltr'><strong><em>acceptius</em></strong></span> <span class='ocrx_word' id='word_1_354' title='bbox 591 3650 621 3702; x_wconf 85' lang='lat' dir='ltr'><strong><em>ia</em></strong></span> <span class='ocrx_word' id='word_1_355' title='bbox 635 3651 756 3720; x_wconf 78' lang='lat' dir='ltr'><strong><em>colgrim.</em></strong></span> <span class='ocrx_word' id='word_1_356' title='bbox 790 3648 852 3702; x_wconf 68' lang='lat' dir='ltr'><strong><em>Lim</em></strong></span> <span class='ocrx_word' id='word_1_357' title='bbox 871 3649 970 3717; x_wconf 91' lang='grc'>22,.3,</span> <span class='ocrx_word' id='word_1_358' title='bbox 988 3650 1031 3704; x_wconf 93' lang='grc'><strong><em>14.</em></strong></span> <span class='ocrx_word' id='word_1_359' title='bbox 1047 3655 1130 3706; x_wconf 84' lang='lat' dir='ltr'><strong><em>milito</em></strong></span> 
     </span>
     <span class='ocr_line' id='line_1_39' title="bbox 139 3728 1105 3805; baseline -0.002 -17"><span class='ocrx_word' id='word_1_360' title='bbox 139 3735 169 3788; x_wconf 86' lang='lat' dir='ltr'><strong><em>ia</em></strong></span> <span class='ocrx_word' id='word_1_361' title='bbox 184 3737 282 3805; x_wconf 82' lang='lat' dir='ltr'><strong><em>colgus</em></strong></span> <span class='ocrx_word' id='word_1_362' title='bbox 297 3736 365 3789; x_wconf 85' lang='lat' dir='ltr'><strong><em>laeto</em></strong></span> <span class='ocrx_word' id='word_1_363' title='bbox 376 3736 482 3805; x_wconf 75' lang='lat' dir='ltr'><strong><em>ferocia</em></strong></span> <span class='ocrx_word' id='word_1_364' title='bbox 505 3735 587 3788; x_wconf 82' lang='lat' dir='ltr'><strong><em>dacis.</em></strong></span> <span class='ocrx_word' id='word_1_365' title='bbox 1101 3728 1105 3734; x_wconf 61' lang='grc'><em>“</em></span> 
     </span>
    </p>
   </div>
   <div class='ocr_carea' id='block_1_14' title="bbox 69 3812 1130 4106">
    <p class='ocr_par' dir='ltr' id='par_1_15' title="bbox 69 3812 1130 4106">
     <span class='ocr_line' id='line_1_40' title="bbox 156 3812 1130 3933; baseline 0 -23"><span class='ocrx_word' id='word_1_366' title='bbox 156 3846 208 3910; x_wconf 82' lang='grc'><strong><em>55.</em></strong></span> <span class='ocrx_word' id='word_1_367' title='bbox 234 3844 279 3909; x_wconf 85' lang='lat' dir='ltr'><strong><em>Ia</em></strong></span> <span class='ocrx_word' id='word_1_368' title='bbox 293 3847 450 3932; x_wconf 79' lang='lat' dir='ltr'><strong><em>primam</em></strong></span> <span class='ocrx_word' id='word_1_369' title='bbox 475 3853 590 3911; x_wconf 80' lang='lat' dir='ltr'><strong><em>errant</em></strong></span> <span class='ocrx_word' id='word_1_370' title='bbox 613 3812 672 3932; x_wconf 82' lang='lat' dir='ltr'><strong><em>qui</em></strong></span> <span class='ocrx_word' id='word_1_371' title='bbox 691 3843 856 3932; x_wconf 81' lang='lat' dir='ltr'><strong><em>occipiunt</em></strong></span> <span class='ocrx_word' id='word_1_372' title='bbox 877 3866 944 3933; x_wconf 84' lang='lat' dir='ltr'><strong><em>pro</em></strong></span> <span class='ocrx_word' id='word_1_373' title='bbox 965 3846 1130 3932; x_wconf 84' lang='lat' dir='ltr'><strong><em>primam,</em></strong></span> 
     </span>
     <span class='ocr_line' id='line_1_41' title="bbox 69 3929 1129 4021; baseline 0 -25"><span class='ocrx_word' id='word_1_374' title='bbox 69 3929 199 4017; x_wconf 79' lang='lat' dir='ltr'><strong><em>primo.</em></strong></span> <span class='ocrx_word' id='word_1_375' title='bbox 241 3932 327 3996; x_wconf 86' lang='lat' dir='ltr'><strong><em>Nam</em></strong></span> <span class='ocrx_word' id='word_1_376' title='bbox 353 3931 599 4021; x_wconf 76' lang='lat' dir='ltr'><strong><em>npud&#39;Livium</em></strong></span> <span class='ocrx_word' id='word_1_377' title='bbox 624 3952 686 4017; x_wconf 76' lang='lat' dir='ltr'><strong><em>pei·</em></strong></span> <span class='ocrx_word' id='word_1_378' title='bbox 709 3929 839 4018; x_wconf 85' lang='lat' dir='ltr'><strong><em>ellipsin</em></strong></span> <span class='ocrx_word' id='word_1_379' title='bbox 860 3944 1042 4019; x_wconf 79' lang='lat' dir='ltr'><strong><em>usurpatur</em></strong></span> <span class='ocrx_word' id='word_1_380' title='bbox 1066 3954 1129 4018; x_wconf 87' lang='lat' dir='ltr'><strong><em>pro</em></strong></span> 
     </span>
     <span class='ocr_line' id='line_1_42' title="bbox 74 4016 1130 4106; baseline -0.002 -24"><span class='ocrx_word' id='word_1_381' title='bbox 74 4018 114 4082; x_wconf 82' lang='lat' dir='ltr'><strong><em>in</em></strong></span> <span class='ocrx_word' id='word_1_382' title='bbox 127 4019 285 4105; x_wconf 78' lang='lat' dir='ltr'><strong><em>primum</em></strong></span> <span class='ocrx_word' id='word_1_383' title='bbox 303 4041 442 4106; x_wconf 82' lang='lat' dir='ltr'><strong><em>agmen.</em></strong></span> <span class='ocrx_word' id='word_1_384' title='bbox 487 4023 538 4099; x_wconf 91' lang='grc'><strong><em>10,</em></strong></span> <span class='ocrx_word' id='word_1_385' title='bbox 561 4022 613 4099; x_wconf 85' lang='grc'>46,</span> <span class='ocrx_word' id='word_1_386' title='bbox 636 4020 669 4082; x_wconf 82' lang='lat'><strong><em>7.</em></strong></span> <span class='ocrx_word' id='word_1_387' title='bbox 690 4017 741 4082; x_wconf 88' lang='lat' dir='ltr'><strong><em>sic</em></strong></span> <span class='ocrx_word' id='word_1_388' title='bbox 766 4017 804 4082; x_wconf 83' lang='lat' dir='ltr'><strong><em>in</em></strong></span> <span class='ocrx_word' id='word_1_389' title='bbox 819 4017 974 4104; x_wconf 77' lang='lat' dir='ltr'><strong><em>primam</em></strong></span> <span class='ocrx_word' id='word_1_390' title='bbox 994 4016 1130 4106; x_wconf 74' lang='lat' dir='ltr'><strong><em>infestis</em></strong></span> 
     </span>
    </p>
   </div>
   <div class='ocr_carea' id='block_1_15' title="bbox 73 4101 1308 4191">
    <p class='ocr_par' dir='ltr' id='par_1_16' title="bbox 73 4101 1308 4191">
     <span class='ocr_line' id='line_1_43' title="bbox 73 4101 1308 4191; baseline 0 -23"><span class='ocrx_word' id='word_1_391' title='bbox 73 4103 186 4170; x_wconf 80' lang='lat' dir='ltr'><strong><em>hastis</em></strong></span> <span class='ocrx_word' id='word_1_392' title='bbox 203 4102 401 4191; x_wconf 71' lang='lat' dir='ltr'><strong><em>provolant.</em></strong></span> <span class='ocrx_word' id='word_1_393' title='bbox 415 4182 417 4186; x_wconf 41' lang='grc'>,</span> <span class='ocrx_word' id='word_1_394' title='bbox 433 4102 534 4188; x_wconf 68' lang='grc'>3,’62,</span> <span class='ocrx_word' id='word_1_395' title='bbox 549 4107 586 4173; x_wconf 79' lang='grc'><strong><em>8.·</em></strong></span> <span class='ocrx_word' id='word_1_396' title='bbox 612 4103 697 4172; x_wconf 80' lang='lat' dir='ltr'><strong><em>Vide</em></strong></span> <span class='ocrx_word' id='word_1_397' title='bbox 712 4105 862 4174; x_wconf 78' lang='lat' dir='ltr'><strong><em>Gronov.</em></strong></span> <span class='ocrx_word' id='word_1_398' title='bbox 879 4103 921 4171; x_wconf 82' lang='lat' dir='ltr'><strong><em>ad</em></strong></span> <span class='ocrx_word' id='word_1_399' title='bbox 940 4109 990 4184; x_wconf 88' lang='grc'><strong><em>10,</em></strong></span> <span class='ocrx_word' id='word_1_400' title='bbox 1007 4106 1060 4188; x_wconf 89' lang='grc'><strong><em>14,</em></strong></span> <span class='ocrx_word' id='word_1_401' title='bbox 1078 4106 1128 4169; x_wconf 83' lang='grc'><strong><em>17.</em></strong></span> <span class='ocrx_word' id='word_1_402' title='bbox 1236 4101 1238 4105; x_wconf 67' lang='grc'>’</span> <span class='ocrx_word' id='word_1_403' title='bbox 1307 4158 1308 4162; x_wconf 62' lang='grc'>,</span> 
     </span>
    </p>
   </div>
   <div class='ocr_carea' id='block_1_16' title="bbox 0 0 1345 4770">
    <p class='ocr_par' dir='ltr' id='par_1_17' title="bbox 0 0 1345 4770">
     <span class='ocr_line' id='line_1_44' title="bbox 0 0 1345 4770; baseline 0 0"><span class='ocrx_word' id='word_1_404' title='bbox 0 0 1345 4770; x_wconf 95' lang='lat' dir='ltr'><strong><em> </em></strong></span> 
     </span>
    </p>
   </div>
  </div>
 </body>
</html>
