<?xml version="1.0" encoding="UTF-8"?>
<!DOCTYPE html PUBLIC "-//W3C//DTD XHTML 1.0 Transitional//EN"
    "http://www.w3.org/TR/xhtml1/DTD/xhtml1-transitional.dtd">
<html xmlns="http://www.w3.org/1999/xhtml" xml:lang="en" lang="en">
 <head>
  <title>
</title>
<meta http-equiv="Content-Type" content="text/html;charset=utf-8" />
  <meta name='ocr-system' content='tesseract 3.04.00' />
  <meta name='ocr-capabilities' content='ocr_page ocr_carea ocr_par ocr_line ocrx_word'/>
</head>
<body>
  <div class='ocr_page' id='page_1' title='image "./tursellinusseud01handgoog_0121.png"; bbox 0 0 2632 4770; ppageno 0'>
   <div class='ocr_carea' id='block_1_1' title="bbox 568 211 1176 323">
    <p class='ocr_par' dir='ltr' id='par_1_1' title="bbox 568 211 1176 323">
     <span class='ocr_line' id='line_1_1' title="bbox 568 211 1176 323; baseline 0.028 -17"><span class='ocrx_word' id='word_1_1' title='bbox 568 238 659 308; x_wconf 75' lang='lat' dir='ltr'><strong>inu.</strong></span> <span class='ocrx_word' id='word_1_2' title='bbox 1084 246 1148 323; x_wconf 80' lang='lat' dir='ltr'><strong>ur</strong></span> <span class='ocrx_word' id='word_1_3' title='bbox 1174 211 1176 215; x_wconf 53' lang='grc'><strong>’</strong></span> 
     </span>
    </p>
   </div>
   <div class='ocr_carea' id='block_1_2' title="bbox 102 392 1312 922">
    <p class='ocr_par' dir='ltr' id='par_1_2' title="bbox 102 392 1156 827">
     <span class='ocr_line' id='line_1_2' title="bbox 102 392 1156 498; baseline 0.014 -37"><span class='ocrx_word' id='word_1_4' title='bbox 102 400 130 437; x_wconf 65' lang='lat'><strong>²·</strong></span> <span class='ocrx_word' id='word_1_5' title='bbox 171 401 198 462; x_wconf 82' lang='lat'><strong>9.</strong></span> <span class='ocrx_word' id='word_1_6' title='bbox 225 395 463 485; x_wconf 56' lang='lat' dir='ltr'><strong>Ex⁵0ppositis</strong></span> <span class='ocrx_word' id='word_1_7' title='bbox 489 405 741 486; x_wconf 80' lang='lat' dir='ltr'><strong>cognoscuntur</strong></span> <span class='ocrx_word' id='word_1_8' title='bbox 764 392 825 464; x_wconf 84' lang='lat' dir='ltr'><strong>alia</strong></span> <span class='ocrx_word' id='word_1_9' title='bbox 853 420 997 489; x_wconf 88' lang='lat' dir='ltr'><strong>quoque.</strong></span> <span class='ocrx_word' id='word_1_10' title='bbox 1045 407 1156 498; x_wconf 86' lang='lat' dir='ltr'><strong>Signi-</strong></span> 
     </span>
     <span class='ocr_line' id='line_1_3' title="bbox 105 482 1155 582; baseline 0.017 -39"><span class='ocrx_word' id='word_1_11' title='bbox 105 546 116 565; x_wconf 40' lang='lat'><em>„</em></span> <span class='ocrx_word' id='word_1_12' title='bbox 160 490 204 546; x_wconf 83' lang='lat' dir='ltr'><strong>tur</strong></span> <span class='ocrx_word' id='word_1_13' title='bbox 219 485 310 546; x_wconf 88' lang='lat' dir='ltr'><strong>enim</strong></span> <span class='ocrx_word' id='word_1_14' title='bbox 339 504 400 570; x_wconf 91' lang='lat' dir='ltr'><strong>per</strong></span> <span class='ocrx_word' id='word_1_15' title='bbox 417 484 493 547; x_wconf 86' lang='lat' dir='ltr'><strong>iam·</strong></span> <span class='ocrx_word' id='word_1_16' title='bbox 509 495 547 558; x_wconf 86' lang='lat' dir='ltr'><strong>ct</strong></span> <span class='ocrx_word' id='word_1_17' title='bbox 561 483 615 563; x_wconf 89' lang='lat' dir='ltr'><strong>id,</strong></span> <span class='ocrx_word' id='word_1_18' title='bbox 641 482 732 568; x_wconf 91' lang='lat' dir='ltr'><strong>quod</strong></span> <span class='ocrx_word' id='word_1_19' title='bbox 757 498 980 576; x_wconf 68' lang='lat' dir='ltr'><strong>exspectatum</strong></span> <span class='ocrx_word' id='word_1_20' title='bbox 1005 493 1155 582; x_wconf 83' lang='lat' dir='ltr'><strong>adeoque</strong></span> 
     </span>
     <span class='ocr_line' id='line_1_4' title="bbox 116 564 1152 662; baseline 0.019 -35"><span class='ocrx_word' id='word_1_21' title='bbox 116 570 295 659; x_wconf 55' lang='lat' dir='ltr'><strong>Qu</strong></span> <span class='ocrx_word' id='word_1_22' title='bbox 312 579 345 632; x_wconf 90' lang='lat' dir='ltr'><strong>et</strong></span> <span class='ocrx_word' id='word_1_23' title='bbox 363 569 408 642; x_wconf 90' lang='lat' dir='ltr'><strong>id,</strong></span> <span class='ocrx_word' id='word_1_24' title='bbox 430 568 519 659; x_wconf 89' lang='lat' dir='ltr'><strong>quod</strong></span> <span class='ocrx_word' id='word_1_25' title='bbox 537 564 1018 662; x_wconf 51' lang='lat' dir='ltr'><strong>exspectationemfflrsecurrit</strong></span> <span class='ocrx_word' id='word_1_26' title='bbox 1035 591 1067 642; x_wconf 89' lang='lat' dir='ltr'><strong>et</strong></span> <span class='ocrx_word' id='word_1_27' title='bbox 1081 605 1152 647; x_wconf 91' lang='lat' dir='ltr'><strong>non</strong></span> 
     </span>
     <span class='ocr_line' id='line_1_5' title="bbox 117 644 1152 744; baseline 0.014 -26"><span class='ocrx_word' id='word_1_28' title='bbox 117 656 337 741; x_wconf 62' lang='lat' dir='ltr'><strong>depectntum,</strong></span> <span class='ocrx_word' id='word_1_29' title='bbox 362 653 420 718; x_wconf 89' lang='lat' dir='ltr'><strong>sed</strong></span> <span class='ocrx_word' id='word_1_30' title='bbox 438 665 647 741; x_wconf 85' lang='lat' dir='ltr'><strong>praemature</strong></span> <span class='ocrx_word' id='word_1_31' title='bbox 657 649 730 718; x_wconf 59' lang='lat' dir='ltr'><strong>”Vei</strong></span> <span class='ocrx_word' id='word_1_32' title='bbox 752 644 1007 744; x_wconf 57' lang='lat' dir='ltr'><strong>ef&#39;im&#39;ffrd‘viiii</strong></span> <span class='ocrx_word' id='word_1_33' title='bbox 1025 663 1152 733; x_wconf 84' lang='lat' dir='ltr'><strong>factum</strong></span> 
     </span>
     <span class='ocr_line' id='line_1_6' title="bbox 197 738 1150 827; baseline 0.017 -23.622"><span class='ocrx_word' id='word_1_34' title='bbox 197 738 282 803; x_wconf 85' lang='lat' dir='ltr'><strong>Illud</strong></span> <span class='ocrx_word' id='word_1_35' title='bbox 310 739 449 804; x_wconf 81' lang='lat' dir='ltr'><strong>dicimus</strong></span> <span class='ocrx_word' id='word_1_36' title='bbox 474 740 627 827; x_wconf 67' lang='lat' dir='ltr'><strong>mellica,</strong></span> <span class='ocrx_word' id='word_1_37' title='bbox 653 752 740 821; x_wconf 76' lang='lat' dir='ltr'><strong>eret,</strong></span> <span class='ocrx_word' id='word_1_38' title='bbox 773 753 806 807; x_wconf 86' lang='lat' dir='ltr'><strong>et</strong></span> <span class='ocrx_word' id='word_1_39' title='bbox 830 744 961 808; x_wconf 81' lang='lat' dir='ltr'>additur</span> <span class='ocrx_word' id='word_1_40' title='bbox 981 749 1150 819; x_wconf 85' lang='lat' dir='ltr'><strong>interdum</strong></span> 
     </span>
    </p>

    <p class='ocr_par' dir='ltr' id='par_1_3' title="bbox 147 812 1312 922">
     <span class='ocr_line' id='line_1_7' title="bbox 147 812 1312 922; baseline 0.006 -34"><span class='ocrx_word' id='word_1_41' title='bbox 147 824 296 912; x_wconf 83' lang='lat' dir='ltr'><strong>&#39;quand0‚</strong></span> <span class='ocrx_word' id='word_1_42' title='bbox 333 812 593 890; x_wconf 63' lang='lat' dir='ltr'><strong>tandem“3&#39;‘&#39;hoc</strong></span> <span class='ocrx_word' id='word_1_43' title='bbox 619 846 696 889; x_wconf 88' lang='lat' dir='ltr'><strong>vero</strong></span> <span class='ocrx_word' id='word_1_44' title='bbox 728 837 776 890; x_wconf 88' lang='lat' dir='ltr'><strong>cst</strong></span> <span class='ocrx_word' id='word_1_45' title='bbox 801 829 914 911; x_wconf 63' lang='lat' dir='ltr'><strong>§ultum</strong></span> <span class='ocrx_word' id='word_1_46' title='bbox 964 832 1168 922; x_wconf 84' lang='lat' dir='ltr'><strong>Vtrumque</strong></span> <span class='ocrx_word' id='word_1_47' title='bbox 1199 902 1202 908; x_wconf 81' lang='grc'>,</span> <span class='ocrx_word' id='word_1_48' title='bbox 1309 888 1312 895; x_wconf 82' lang='lat'><strong>.</strong></span> 
     </span>
    </p>
   </div>
   <div class='ocr_carea' id='block_1_3' title="bbox 125 911 1148 1170">
    <p class='ocr_par' dir='ltr' id='par_1_4' title="bbox 125 911 1148 1170">
     <span class='ocr_line' id='line_1_8' title="bbox 146 911 1148 998; baseline 0.005 -23"><span class='ocrx_word' id='word_1_49' title='bbox 146 934 160 975; x_wconf 87' lang='lat' dir='ltr'><strong>o</strong></span> <span class='ocrx_word' id='word_1_50' title='bbox 190 911 391 975; x_wconf 82' lang='lat' dir='ltr'><strong>distinctiore</strong></span> <span class='ocrx_word' id='word_1_51' title='bbox 417 921 496 974; x_wconf 86' lang='lat' dir='ltr'><strong>nota</strong></span> <span class='ocrx_word' id='word_1_52' title='bbox 522 911 739 998; x_wconf 83' lang='lat' dir='ltr'><strong>exprimitur:</strong></span> <span class='ocrx_word' id='word_1_53' title='bbox 770 914 928 978; x_wconf 88' lang='lat' dir='ltr'><strong>nimirum</strong></span> <span class='ocrx_word' id='word_1_54' title='bbox 946 918 1030 994; x_wconf 79' lang='lat' dir='ltr'><strong>[iam</strong></span> <span class='ocrx_word' id='word_1_55' title='bbox 1062 923 1148 994; x_wconf 82' lang='lat' dir='ltr'><strong>nihil</strong></span> 
     </span>
     <span class='ocr_line' id='line_1_9' title="bbox 125 995 1148 1093; baseline 0.013 -34"><span class='ocrx_word' id='word_1_56' title='bbox 125 995 268 1072; x_wconf 86' lang='lat' dir='ltr'><strong>&#39;nificat‚</strong></span> <span class='ocrx_word' id='word_1_57' title='bbox 292 1018 393 1083; x_wconf 88' lang='lat' dir='ltr'><strong>quam</strong></span> <span class='ocrx_word' id='word_1_58' title='bbox 416 1007 453 1059; x_wconf 90' lang='lat' dir='ltr'><strong>ut</strong></span> <span class='ocrx_word' id='word_1_59' title='bbox 476 1017 518 1060; x_wconf 86' lang='lat' dir='ltr'><strong>ex</strong></span> <span class='ocrx_word' id='word_1_60' title='bbox 543 995 759 1084; x_wconf 84' lang='lat' dir='ltr'><strong>oppositione</strong></span> <span class='ocrx_word' id='word_1_61' title='bbox 781 999 958 1064; x_wconf 83' lang='lat' dir='ltr'><strong>notionum</strong></span> <span class='ocrx_word' id='word_1_62' title='bbox 982 1005 1148 1093; x_wconf 86' lang='lat' dir='ltr'><strong>intelliga-</strong></span> 
     </span>
     <span class='ocr_line' id='line_1_10' title="bbox 137 1083 1140 1170; baseline 0.005 -24"><span class='ocrx_word' id='word_1_63' title='bbox 137 1102 182 1162; x_wconf 84' lang='lat' dir='ltr'><strong>os,</strong></span> <span class='ocrx_word' id='word_1_64' title='bbox 211 1092 360 1146; x_wconf 81' lang='lat' dir='ltr'><strong>sutram</strong></span> <span class='ocrx_word' id='word_1_65' title='bbox 387 1104 457 1145; x_wconf 88' lang='lat' dir='ltr'><strong>non</strong></span> <span class='ocrx_word' id='word_1_66' title='bbox 481 1083 590 1170; x_wconf 83' lang='lat' dir='ltr'><strong>prius,</strong></span> <span class='ocrx_word' id='word_1_67' title='bbox 613 1092 759 1145; x_wconf 83' lang='lat' dir='ltr'><strong>autnon</strong></span> <span class='ocrx_word' id='word_1_68' title='bbox 782 1084 885 1148; x_wconf 87' lang='lat' dir='ltr'><strong>serius</strong></span> <span class='ocrx_word' id='word_1_69' title='bbox 909 1085 993 1153; x_wconf 89' lang='lat' dir='ltr'><strong>fieri.</strong></span> <span class='ocrx_word' id='word_1_70' title='bbox 1039 1092 1140 1158; x_wconf 84' lang='lat' dir='ltr'><strong>Conf.</strong></span> 
     </span>
    </p>
   </div>
   <div class='ocr_carea' id='block_1_4' title="bbox 146 1165 1261 1252">
    <p class='ocr_par' dir='ltr' id='par_1_5' title="bbox 146 1165 1261 1252">
     <span class='ocr_line' id='line_1_11' title="bbox 146 1165 1261 1252; baseline 0.013 -21"><span class='ocrx_word' id='word_1_71' title='bbox 146 1188 272 1231; x_wconf 83' lang='lat' dir='ltr'><strong>rmnun.</strong></span> <span class='ocrx_word' id='word_1_72' title='bbox 292 1166 334 1230; x_wconf 80' lang='lat' dir='ltr'><strong>sid</strong></span> <span class='ocrx_word' id='word_1_73' title='bbox 352 1165 490 1231; x_wconf 83' lang='lat' dir='ltr'><strong>Phaedr.</strong></span> <span class='ocrx_word' id='word_1_74' title='bbox 506 1169 538 1245; x_wconf 85' lang='lat'><strong>5,</strong></span> <span class='ocrx_word' id='word_1_75' title='bbox 554 1172 586 1244; x_wconf 79' lang='lat'><strong>2,</strong></span> <span class='ocrx_word' id='word_1_76' title='bbox 602 1172 635 1230; x_wconf 74' lang='grc'><strong>4.</strong></span> <span class='ocrx_word' id='word_1_77' title='bbox 653 1167 692 1230; x_wconf 87' lang='lat' dir='ltr'><strong>ad</strong></span> <span class='ocrx_word' id='word_1_78' title='bbox 703 1167 801 1232; x_wconf 77' lang='lat' dir='ltr'><strong>ovid.</strong></span> <span class='ocrx_word' id='word_1_79' title='bbox 814 1170 884 1238; x_wconf 81' lang='lat' dir='ltr'><strong>Art.</strong></span> <span class='ocrx_word' id='word_1_80' title='bbox 903 1193 967 1236; x_wconf 86' lang='lat' dir='ltr'><strong>orn.</strong></span> <span class='ocrx_word' id='word_1_81' title='bbox 983 1179 1014 1252; x_wconf 82' lang='lat'><strong>3,</strong></span> <span class='ocrx_word' id='word_1_82' title='bbox 1031 1181 1083 1241; x_wconf 80' lang='lat'><strong>33.</strong></span> <span class='ocrx_word' id='word_1_83' title='bbox 1104 1178 1147 1243; x_wconf 86' lang='lat' dir='ltr'><strong>ad</strong></span> <span class='ocrx_word' id='word_1_84' title='bbox 1254 1201 1261 1217; x_wconf 60' lang='lat'>⁸</span> 
     </span>
    </p>
   </div>
   <div class='ocr_carea' id='block_1_5' title="bbox 105 1252 1146 1512">
    <p class='ocr_par' dir='ltr' id='par_1_6' title="bbox 105 1252 1146 1512">
     <span class='ocr_line' id='line_1_12' title="bbox 127 1252 1146 1351; baseline 0.009 -35"><span class='ocrx_word' id='word_1_85' title='bbox 127 1272 207 1351; x_wconf 73' lang='lat' dir='ltr'><strong>omn.</strong></span> <span class='ocrx_word' id='word_1_86' title='bbox 239 1260 281 1333; x_wconf 81' lang='lat'><strong>2,</strong></span> <span class='ocrx_word' id='word_1_87' title='bbox 302 1255 377 1350; x_wconf 65' lang='lat'><strong>²14?</strong></span> <span class='ocrx_word' id='word_1_88' title='bbox 404 1253 594 1317; x_wconf 85' lang='lat' dir='ltr'><strong>Broukhus.</strong></span> <span class='ocrx_word' id='word_1_89' title='bbox 618 1252 659 1350; x_wconf 73' lang='lat' dir='ltr'><strong>ud</strong></span> <span class='ocrx_word' id='word_1_90' title='bbox 683 1252 807 1321; x_wconf 75' lang='lat' dir='ltr'><strong>Tituli.</strong></span> <span class='ocrx_word' id='word_1_91' title='bbox 826 1259 860 1334; x_wconf 79' lang='lat'><strong>2,</strong></span> <span class='ocrx_word' id='word_1_92' title='bbox 882 1257 921 1336; x_wconf 75' lang='lat'><strong>5,</strong></span> <span class='ocrx_word' id='word_1_93' title='bbox 935 1263 987 1346; x_wconf 87' lang='lat'><strong>79.</strong></span> <span class='ocrx_word' id='word_1_94' title='bbox 1028 1261 1146 1350; x_wconf 80' lang='lat' dir='ltr'>Neque</span> 
     </span>
     <span class='ocr_line' id='line_1_13' title="bbox 119 1336 1145 1428; baseline 0.009 -27"><span class='ocrx_word' id='word_1_95' title='bbox 119 1336 157 1403; x_wconf 87' lang='lat' dir='ltr'><strong>ho</strong></span> <span class='ocrx_word' id='word_1_96' title='bbox 176 1338 274 1403; x_wconf 89' lang='lat' dir='ltr'><strong>modo</strong></span> <span class='ocrx_word' id='word_1_97' title='bbox 299 1339 506 1423; x_wconf 80' lang='lat' dir='ltr'><strong>designamus</strong></span> <span class='ocrx_word' id='word_1_98' title='bbox 529 1360 601 1405; x_wconf 88' lang='lat' dir='ltr'><strong>rem</strong></span> <span class='ocrx_word' id='word_1_99' title='bbox 624 1359 660 1403; x_wconf 92' lang='lat' dir='ltr'><strong>1n</strong></span> <span class='ocrx_word' id='word_1_100' title='bbox 684 1348 838 1426; x_wconf 85' lang='lat' dir='ltr'><strong>tempora</strong></span> <span class='ocrx_word' id='word_1_101' title='bbox 861 1349 1145 1428; x_wconf 82' lang='lat' dir='ltr'><strong>promotam,ve1</strong></span> 
     </span>
     <span class='ocr_line' id='line_1_14' title="bbox 105 1423 554 1512; baseline 0 -24"><span class='ocrx_word' id='word_1_102' title='bbox 105 1423 140 1488; x_wconf 84' lang='lat' dir='ltr'><strong>od</strong></span> <span class='ocrx_word' id='word_1_103' title='bbox 154 1435 333 1491; x_wconf 80' lang='lat' dir='ltr'><strong>extremum</strong></span> <span class='ocrx_word' id='word_1_104' title='bbox 349 1425 554 1512; x_wconf 80' lang='lat' dir='ltr'><strong>perductam.</strong></span> 
     </span>
    </p>
   </div>
   <div class='ocr_carea' id='block_1_6' title="bbox 103 1575 1227 2697">
    <p class='ocr_par' dir='ltr' id='par_1_7' title="bbox 103 1575 1227 2697">
     <span class='ocr_line' id='line_1_15' title="bbox 189 1575 1143 1644; baseline 0.008 -13"><span class='ocrx_word' id='word_1_105' title='bbox 189 1579 307 1631; x_wconf 77' lang='lat' dir='ltr'><strong>Donatus</strong></span> <span class='ocrx_word' id='word_1_106' title='bbox 321 1576 356 1629; x_wconf 86' lang='lat' dir='ltr'><strong>nd</strong></span> <span class='ocrx_word' id='word_1_107' title='bbox 370 1576 486 1630; x_wconf 80' lang='lat' dir='ltr'><strong>Terent.</strong></span> <span class='ocrx_word' id='word_1_108' title='bbox 492 1576 544 1630; x_wconf 74' lang='lat' dir='ltr'><strong>Aa.</strong></span> <span class='ocrx_word' id='word_1_109' title='bbox 560 1575 586 1640; x_wconf 88' lang='grc'><strong>2,</strong></span> <span class='ocrx_word' id='word_1_110' title='bbox 602 1576 629 1640; x_wconf 93' lang='grc'><strong>1,</strong></span> <span class='ocrx_word' id='word_1_111' title='bbox 643 1575 687 1629; x_wconf 90' lang='grc'><strong>21.</strong></span> <span class='ocrx_word' id='word_1_112' title='bbox 704 1581 730 1629; x_wconf 90' lang='lat' dir='ltr'><strong>et</strong></span> <span class='ocrx_word' id='word_1_113' title='bbox 745 1577 815 1631; x_wconf 88' lang='lat' dir='ltr'><strong>iam</strong></span> <span class='ocrx_word' id='word_1_114' title='bbox 830 1579 907 1632; x_wconf 89' lang='lat' dir='ltr'><strong>etiam</strong></span> <span class='ocrx_word' id='word_1_115' title='bbox 923 1583 1058 1644; x_wconf 69' lang='lat' dir='ltr'><strong>tarditatis</strong></span> <span class='ocrx_word' id='word_1_116' title='bbox 1070 1587 1143 1639; x_wconf 86' lang='lat' dir='ltr'><strong>incu-</strong></span> 
     </span>
     <span class='ocr_line' id='line_1_16' title="bbox 103 1658 1141 1732; baseline 0.008 -16"><span class='ocrx_word' id='word_1_117' title='bbox 103 1678 106 1689; x_wconf 92' lang='lat'>·</span> <span class='ocrx_word' id='word_1_118' title='bbox 157 1661 503 1731; x_wconf 70' lang='lat' dir='ltr'><strong>ntioest,ut·l&#39;irgilius.·</strong></span> <span class='ocrx_word' id='word_1_119' title='bbox 522 1658 827 1729; x_wconf 57' lang='lat' dir='ltr'><strong>resalutaturum</strong></span> <span class='ocrx_word' id='word_1_120' title='bbox 843 1665 947 1728; x_wconf 87' lang='lat' dir='ltr'><strong>melior,</strong></span> <span class='ocrx_word' id='word_1_121' title='bbox 975 1667 1045 1732; x_wconf 84' lang='lat' dir='ltr'><strong>iam,</strong></span> <span class='ocrx_word' id='word_1_122' title='bbox 1069 1671 1141 1726; x_wconf 78' lang='lat' dir='ltr'><strong>aiva.</strong></span> 
     </span>
     <span class='ocr_line' id='line_1_17' title="bbox 103 1744 1131 1819; baseline 0 -17"><span class='ocrx_word' id='word_1_123' title='bbox 103 1764 107 1775; x_wconf 92' lang='grc'><strong><em>·</em></strong></span> <span class='ocrx_word' id='word_1_124' title='bbox 154 1764 251 1819; x_wconf 67' lang='lat' dir='ltr'><strong>peior.</strong></span> <span class='ocrx_word' id='word_1_125' title='bbox 285 1746 321 1801; x_wconf 83' lang='lat' dir='ltr'><strong>ad</strong></span> <span class='ocrx_word' id='word_1_126' title='bbox 338 1744 421 1798; x_wconf 75' lang='lat' dir='ltr'><strong>Andr.</strong></span> <span class='ocrx_word' id='word_1_127' title='bbox 437 1744 463 1808; x_wconf 93' lang='grc'><strong>1,</strong></span> <span class='ocrx_word' id='word_1_128' title='bbox 479 1745 507 1810; x_wconf 93' lang='grc'><strong>2,</strong></span> <span class='ocrx_word' id='word_1_129' title='bbox 524 1745 565 1798; x_wconf 77' lang='lat' dir='ltr'><strong>lo.</strong></span> <span class='ocrx_word' id='word_1_130' title='bbox 584 1748 595 1799; x_wconf 85' lang='lat' dir='ltr'><strong>i</strong></span> <span class='ocrx_word' id='word_1_131' title='bbox 602 1764 653 1798; x_wconf 90' lang='lat' dir='ltr'><strong>am</strong></span> <span class='ocrx_word' id='word_1_132' title='bbox 667 1747 742 1799; x_wconf 89' lang='lat' dir='ltr'><strong>modo</strong></span> <span class='ocrx_word' id='word_1_133' title='bbox 756 1747 891 1803; x_wconf 77' lang='lat' dir='ltr'><strong>tarditatis</strong></span> <span class='ocrx_word' id='word_1_134' title='bbox 904 1757 939 1801; x_wconf 87' lang='lat' dir='ltr'><strong>est</strong></span> <span class='ocrx_word' id='word_1_135' title='bbox 953 1750 1068 1818; x_wconf 84' lang='lat' dir='ltr'><strong>signum.</strong></span> <span class='ocrx_word' id='word_1_136' title='bbox 1127 1745 1131 1751; x_wconf 66' lang='grc'><strong>”</strong></span> 
     </span>
     <span class='ocr_line' id='line_1_18' title="bbox 174 1845 1141 1920; baseline 0.005 -18"><span class='ocrx_word' id='word_1_137' title='bbox 174 1849 246 1903; x_wconf 76' lang='lat' dir='ltr'><strong>&#39;cim</strong></span> <span class='ocrx_word' id='word_1_138' title='bbox 262 1850 297 1902; x_wconf 87' lang='lat' dir='ltr'><strong>ad</strong></span> <span class='ocrx_word' id='word_1_139' title='bbox 312 1850 368 1903; x_wconf 76' lang='lat' dir='ltr'><strong>Art.</strong></span> <span class='ocrx_word' id='word_1_140' title='bbox 385 1848 411 1912; x_wconf 89' lang='lat'><strong>1,</strong></span> <span class='ocrx_word' id='word_1_141' title='bbox 430 1845 456 1898; x_wconf 77' lang='lat'><strong>4.</strong></span> <span class='ocrx_word' id='word_1_142' title='bbox 472 1856 598 1918; x_wconf 80' lang='lat' dir='ltr'><strong>putamus</strong></span> <span class='ocrx_word' id='word_1_143' title='bbox 622 1851 691 1902; x_wconf 86' lang='lat' dir='ltr'><strong>enim</strong></span> <span class='ocrx_word' id='word_1_144' title='bbox 714 1850 778 1901; x_wconf 87' lang='lat' dir='ltr'><strong>utile</strong></span> <span class='ocrx_word' id='word_1_145' title='bbox 799 1867 852 1902; x_wconf 86' lang='lat' dir='ltr'><strong>esse</strong></span> <span class='ocrx_word' id='word_1_146' title='bbox 872 1858 897 1903; x_wconf 91' lang='lat' dir='ltr'><strong>te</strong></span> <span class='ocrx_word' id='word_1_147' title='bbox 921 1854 1061 1920; x_wconf 84' lang='lat' dir='ltr'><strong>aliquando</strong></span> <span class='ocrx_word' id='word_1_148' title='bbox 1086 1855 1141 1907; x_wconf 87' lang='lat' dir='ltr'><strong>ium</strong></span> 
     </span>
     <span class='ocr_line' id='line_1_19' title="bbox 153 1932 1141 2006; baseline 0.004 -20"><span class='ocrx_word' id='word_1_149' title='bbox 153 1954 208 1993; x_wconf 76' lang='lat' dir='ltr'><strong>rem</strong></span> <span class='ocrx_word' id='word_1_150' title='bbox 229 1936 387 2003; x_wconf 81' lang='lat' dir='ltr'><strong>transigere.</strong></span> <span class='ocrx_word' id='word_1_151' title='bbox 424 1932 472 1984; x_wconf 88' lang='lat' dir='ltr'><strong>nbi</strong></span> <span class='ocrx_word' id='word_1_152' title='bbox 494 1933 629 1984; x_wconf 79' lang='lat' dir='ltr'><strong>Corradus</strong></span> <span class='ocrx_word' id='word_1_153' title='bbox 656 1933 849 2006; x_wconf 78' lang='lat' dir='ltr'><strong>corrigendum</strong></span> <span class='ocrx_word' id='word_1_154' title='bbox 872 1936 977 1990; x_wconf 81' lang='lat' dir='ltr'><strong>censuit</strong></span> <span class='ocrx_word' id='word_1_155' title='bbox 1001 1938 1141 2004; x_wconf 84' lang='lat' dir='ltr'><strong>aliquando</strong></span> 
     </span>
     <span class='ocr_line' id='line_1_20' title="bbox 154 2006 1142 2090; baseline -0.001 -16"><span class='ocrx_word' id='word_1_156' title='bbox 154 2021 271 2074; x_wconf 82' lang='lat' dir='ltr'><strong>tandem.</strong></span> <span class='ocrx_word' id='word_1_157' title='bbox 306 2017 397 2070; x_wconf 82' lang='lat' dir='ltr'><strong>Tacit.</strong></span> <span class='ocrx_word' id='word_1_158' title='bbox 407 2018 474 2070; x_wconf 78' lang='lat' dir='ltr'><strong>Anu.</strong></span> <span class='ocrx_word' id='word_1_159' title='bbox 488 2006 515 2082; x_wconf 85' lang='grc'><strong>2,</strong></span> <span class='ocrx_word' id='word_1_160' title='bbox 534 2019 577 2071; x_wconf 86' lang='grc'><strong>21.</strong></span> <span class='ocrx_word' id='word_1_161' title='bbox 595 2021 698 2087; x_wconf 76' lang='lat' dir='ltr'><strong>mmque</strong></span> <span class='ocrx_word' id='word_1_162' title='bbox 720 2035 777 2070; x_wconf 88' lang='lat' dir='ltr'><strong>sero</strong></span> <span class='ocrx_word' id='word_1_163' title='bbox 792 2020 844 2070; x_wconf 85' lang='lat' dir='ltr'><strong>diei</strong></span> <span class='ocrx_word' id='word_1_164' title='bbox 859 2022 976 2090; x_wconf 77' lang='lat' dir='ltr'><strong>subducit</strong></span> <span class='ocrx_word' id='word_1_165' title='bbox 992 2039 1021 2072; x_wconf 86' lang='lat' dir='ltr'><strong>eu</strong></span> <span class='ocrx_word' id='word_1_166' title='bbox 1034 2022 1088 2073; x_wconf 86' lang='lat' dir='ltr'><strong>acie</strong></span> <span class='ocrx_word' id='word_1_167' title='bbox 1103 2023 1142 2073; x_wconf 90' lang='lat' dir='ltr'><strong>le·</strong></span> 
     </span>
     <span class='ocr_line' id='line_1_21' title="bbox 148 2101 1139 2177; baseline 0.002 -21"><span class='ocrx_word' id='word_1_168' title='bbox 148 2109 260 2177; x_wconf 74' lang='lat' dir='ltr'><strong>glanem</strong></span> <span class='ocrx_word' id='word_1_169' title='bbox 268 2103 399 2171; x_wconf 81' lang='lat' dir='ltr'><strong>faciendis</strong></span> <span class='ocrx_word' id='word_1_170' title='bbox 416 2103 514 2156; x_wconf 84' lang='lat' dir='ltr'><strong>castris.</strong></span> <span class='ocrx_word' id='word_1_171' title='bbox 531 2101 551 2154; x_wconf 89' lang='lat' dir='ltr'><strong>i.</strong></span> <span class='ocrx_word' id='word_1_172' title='bbox 567 2119 590 2156; x_wconf 90' lang='lat' dir='ltr'><strong>e.</strong></span> <span class='ocrx_word' id='word_1_173' title='bbox 609 2104 664 2154; x_wconf 87' lang='lat' dir='ltr'><strong>and</strong></span> <span class='ocrx_word' id='word_1_174' title='bbox 678 2109 729 2155; x_wconf 84' lang='lat' dir='ltr'><strong>erst</strong></span> <span class='ocrx_word' id='word_1_175' title='bbox 744 2105 813 2170; x_wconf 75' lang='lat' dir='ltr'><strong>spat.</strong></span> <span class='ocrx_word' id='word_1_176' title='bbox 844 2103 936 2157; x_wconf 72' lang='lat' dir='ltr'><strong>Haut.</strong></span> <span class='ocrx_word' id='word_1_177' title='bbox 952 2105 1013 2162; x_wconf 79' lang='lat' dir='ltr'><strong>Mil.</strong></span> <span class='ocrx_word' id='word_1_178' title='bbox 1026 2103 1139 2170; x_wconf 58' lang='lat' dir='ltr'><strong>aaut</strong></span> 
     </span>
     <span class='ocr_line' id='line_1_22' title="bbox 150 2185 1140 2257; baseline -0.002 -11"><span class='ocrx_word' id='word_1_179' title='bbox 150 2195 208 2246; x_wconf 85' lang='lat' dir='ltr'><strong>iam</strong></span> <span class='ocrx_word' id='word_1_180' title='bbox 222 2190 332 2257; x_wconf 81' lang='lat' dir='ltr'><strong>tandem</strong></span> <span class='ocrx_word' id='word_1_181' title='bbox 347 2189 409 2241; x_wconf 85' lang='lat' dir='ltr'><strong>ades</strong></span> <span class='ocrx_word' id='word_1_182' title='bbox 424 2189 501 2240; x_wconf 81' lang='lat' dir='ltr'><strong>illico.</strong></span> <span class='ocrx_word' id='word_1_183' title='bbox 535 2186 596 2240; x_wconf 75' lang='lat' dir='ltr'><strong>niv.</strong></span> <span class='ocrx_word' id='word_1_184' title='bbox 611 2185 654 2250; x_wconf 88' lang='grc'><strong>22,</strong></span> <span class='ocrx_word' id='word_1_185' title='bbox 670 2187 713 2252; x_wconf 89' lang='grc'><strong>12,</strong></span> <span class='ocrx_word' id='word_1_186' title='bbox 729 2186 771 2238; x_wconf 85' lang='grc'><strong>16.</strong></span> <span class='ocrx_word' id='word_1_187' title='bbox 793 2188 879 2239; x_wconf 88' lang='lat' dir='ltr'><strong>minus</strong></span> <span class='ocrx_word' id='word_1_188' title='bbox 895 2189 949 2240; x_wconf 86' lang='lat' dir='ltr'><strong>iam</strong></span> <span class='ocrx_word' id='word_1_189' title='bbox 969 2191 1077 2242; x_wconf 85' lang='lat' dir='ltr'><strong>tandem</strong></span> <span class='ocrx_word' id='word_1_190' title='bbox 1093 2196 1140 2244; x_wconf 84' lang='lat' dir='ltr'><strong>aut</strong></span> 
     </span>
     <span class='ocr_line' id='line_1_23' title="bbox 149 2271 1140 2342; baseline -0.004 -12"><span class='ocrx_word' id='word_1_191' title='bbox 149 2276 257 2330; x_wconf 83' lang='lat' dir='ltr'><strong>uirtutis</strong></span> <span class='ocrx_word' id='word_1_192' title='bbox 276 2281 337 2325; x_wconf 89' lang='lat' dir='ltr'><strong>aut·</strong></span> <span class='ocrx_word' id='word_1_193' title='bbox 345 2279 484 2341; x_wconf 76' lang='lat' dir='ltr'><strong>fortunae</strong></span> <span class='ocrx_word' id='word_1_194' title='bbox 505 2273 636 2342; x_wconf 80' lang='lat' dir='ltr'><strong>paenitere</strong></span> <span class='ocrx_word' id='word_1_195' title='bbox 657 2289 727 2324; x_wconf 88' lang='lat' dir='ltr'><strong>suae.</strong></span> <span class='ocrx_word' id='word_1_196' title='bbox 762 2271 861 2339; x_wconf 80' lang='lat' dir='ltr'><strong>Virgil.</strong></span> <span class='ocrx_word' id='word_1_197' title='bbox 883 2273 950 2324; x_wconf 72' lang='lat' dir='ltr'><strong>Aen.</strong></span> <span class='ocrx_word' id='word_1_198' title='bbox 969 2271 995 2338; x_wconf 87' lang='grc'>6,</span> <span class='ocrx_word' id='word_1_199' title='bbox 1021 2273 1065 2334; x_wconf 78' lang='grc'><strong>61.</strong></span> <span class='ocrx_word' id='word_1_200' title='bbox 1084 2275 1140 2326; x_wconf 88' lang='lat' dir='ltr'><strong>iam</strong></span> 
     </span>
     <span class='ocr_line' id='line_1_24' title="bbox 150 2349 1227 2427; baseline -0.004 -13"><span class='ocrx_word' id='word_1_201' title='bbox 150 2358 373 2415; x_wconf 84' lang='lat' dir='ltr'><strong>tandcmltuliae</strong></span> <span class='ocrx_word' id='word_1_202' title='bbox 383 2359 516 2427; x_wconf 77' lang='lat' dir='ltr'><strong>fugientis</strong></span> <span class='ocrx_word' id='word_1_203' title='bbox 529 2357 679 2425; x_wconf 78' lang='lat' dir='ltr'><strong>prendimus</strong></span> <span class='ocrx_word' id='word_1_204' title='bbox 694 2374 763 2425; x_wconf 81' lang='lat' dir='ltr'><strong>aras.</strong></span> <span class='ocrx_word' id='word_1_205' title='bbox 794 2355 866 2409; x_wconf 77' lang='lat' dir='ltr'><strong>(liris</strong></span> <span class='ocrx_word' id='word_1_206' title='bbox 885 2373 912 2408; x_wconf 83' lang='lat' dir='ltr'><strong>r.</strong></span> <span class='ocrx_word' id='word_1_207' title='bbox 927 2357 970 2412; x_wconf 81' lang='grc'><strong>46.</strong></span> <span class='ocrx_word' id='word_1_208' title='bbox 1000 2357 1140 2426; x_wconf 80' lang='lat' dir='ltr'><strong>Aristoph.</strong></span> <span class='ocrx_word' id='word_1_209' title='bbox 1224 2349 1227 2354; x_wconf 42' lang='lat'>¹</span> 
     </span>
     <span class='ocr_line' id='line_1_25' title="bbox 149 2433 1139 2512; baseline -0.001 -14"><span class='ocrx_word' id='word_1_210' title='bbox 149 2448 226 2498; x_wconf 85' lang='lat' dir='ltr'><strong>Rau.</strong></span> <span class='ocrx_word' id='word_1_211' title='bbox 248 2439 309 2492; x_wconf 75' lang='lat'><strong>931.</strong></span> <span class='ocrx_word' id='word_1_212' title='bbox 334 2437 407 2510; x_wconf 70' lang='grc' dir='ltr'>ἔγωγ’</span> <span class='ocrx_word' id='word_1_213' title='bbox 426 2433 480 2496; x_wconf 68' lang='grc' dir='ltr'><strong>οὖν</strong></span> <span class='ocrx_word' id='word_1_214' title='bbox 496 2434 552 2510; x_wconf 79' lang='grc' dir='ltr'><strong>ἤδη</strong></span> <span class='ocrx_word' id='word_1_215' title='bbox 577 2435 640 2494; x_wconf 50' lang='lat' dir='ltr'><strong>aaa*</strong></span> <span class='ocrx_word' id='word_1_216' title='bbox 668 2437 698 2494; x_wconf 77' lang='lat' dir='ltr'><strong>iu</strong></span> <span class='ocrx_word' id='word_1_217' title='bbox 720 2442 820 2510; x_wconf 68' lang='grc' dir='ltr'><strong><em>μακρῷ</em></strong></span> <span class='ocrx_word' id='word_1_218' title='bbox 845 2435 1049 2509; x_wconf 53' lang='lat' dir='ltr'><strong>insinuaueris</strong></span> <span class='ocrx_word' id='word_1_219' title='bbox 1074 2444 1139 2512; x_wconf 77' lang='grc' dir='ltr'><em>διη-</em></span> 
     </span>
     <span class='ocr_line' id='line_1_26' title="bbox 150 2525 309 2598; baseline -0.025 -17"><span class='ocrx_word' id='word_1_220' title='bbox 150 2525 309 2598; x_wconf 64' lang='lat' dir='ltr'><strong>andronas.</strong></span> 
     </span>
     <span class='ocr_line' id='line_1_27' title="bbox 188 2627 1138 2697; baseline -0.003 -14"><span class='ocrx_word' id='word_1_221' title='bbox 188 2631 304 2684; x_wconf 84' lang='lat' dir='ltr'><strong>Terent.</strong></span> <span class='ocrx_word' id='word_1_222' title='bbox 319 2628 420 2682; x_wconf 86' lang='lat' dir='ltr'><strong>Heaut.</strong></span> <span class='ocrx_word' id='word_1_223' title='bbox 437 2627 463 2692; x_wconf 85' lang='lat'><strong>5,</strong></span> <span class='ocrx_word' id='word_1_224' title='bbox 477 2628 504 2694; x_wconf 87' lang='grc'><strong>1,</strong></span> <span class='ocrx_word' id='word_1_225' title='bbox 522 2627 548 2680; x_wconf 82' lang='grc'><strong>8.</strong></span> <span class='ocrx_word' id='word_1_226' title='bbox 567 2629 615 2680; x_wconf 85' lang='lat' dir='ltr'><strong>alre</strong></span> <span class='ocrx_word' id='word_1_227' title='bbox 636 2627 692 2679; x_wconf 86' lang='lat' dir='ltr'><strong>iam</strong></span> <span class='ocrx_word' id='word_1_228' title='bbox 709 2627 795 2679; x_wconf 86' lang='lat' dir='ltr'><strong>desine</strong></span> <span class='ocrx_word' id='word_1_229' title='bbox 815 2628 876 2678; x_wconf 88' lang='lat' dir='ltr'><strong>deos</strong></span> <span class='ocrx_word' id='word_1_230' title='bbox 890 2645 955 2680; x_wconf 79' lang='lat' dir='ltr'><strong>uror</strong></span> <span class='ocrx_word' id='word_1_231' title='bbox 974 2629 1138 2697; x_wconf 87' lang='lat' dir='ltr'><strong>gratulando</strong></span> 
     </span>
    </p>
   </div>
   <div class='ocr_carea' id='block_1_7' title="bbox 148 2709 1245 2783">
    <p class='ocr_par' dir='ltr' id='par_1_8' title="bbox 148 2709 1245 2783">
     <span class='ocr_line' id='line_1_28' title="bbox 148 2709 1245 2783; baseline -0.012 -10"><span class='ocrx_word' id='word_1_232' title='bbox 148 2717 297 2772; x_wconf 84' lang='lat' dir='ltr'><strong>obtundere.</strong></span> <span class='ocrx_word' id='word_1_233' title='bbox 329 2714 436 2783; x_wconf 79' lang='lat' dir='ltr'><strong>Apulei.</strong></span> <span class='ocrx_word' id='word_1_234' title='bbox 455 2715 524 2766; x_wconf 85' lang='lat' dir='ltr'><strong>Mel.</strong></span> <span class='ocrx_word' id='word_1_235' title='bbox 550 2709 652 2781; x_wconf 69' lang='lat' dir='ltr'><strong>lnl&#39;85,</strong></span> <span class='ocrx_word' id='word_1_236' title='bbox 670 2710 713 2763; x_wconf 87' lang='grc'><strong>12.</strong></span> <span class='ocrx_word' id='word_1_237' title='bbox 730 2711 767 2778; x_wconf 85' lang='lat' dir='ltr'><strong>(p.</strong></span> <span class='ocrx_word' id='word_1_238' title='bbox 785 2710 845 2763; x_wconf 78' lang='lat'><strong>128.</strong></span> <span class='ocrx_word' id='word_1_239' title='bbox 861 2710 948 2779; x_wconf 81' lang='lat' dir='ltr'><strong>Prie.)</strong></span> <span class='ocrx_word' id='word_1_240' title='bbox 967 2721 991 2764; x_wconf 94' lang='lat' dir='ltr'><strong>et</strong></span> <span class='ocrx_word' id='word_1_241' title='bbox 1012 2721 1056 2775; x_wconf 89' lang='lat' dir='ltr'><strong>tu,</strong></span> <span class='ocrx_word' id='word_1_242' title='bbox 1074 2712 1140 2764; x_wconf 85' lang='lat' dir='ltr'><strong>For-</strong></span> <span class='ocrx_word' id='word_1_243' title='bbox 1242 2736 1245 2741; x_wconf 38' lang='grc' dir='ltr'><em>ν</em></span> 
     </span>
    </p>
   </div>
   <div class='ocr_carea' id='block_1_8' title="bbox 148 2792 1139 3036">
    <p class='ocr_par' dir='ltr' id='par_1_9' title="bbox 148 2792 1139 3036">
     <span class='ocr_line' id='line_1_29' title="bbox 148 2792 1139 2863; baseline -0.009 -7"><span class='ocrx_word' id='word_1_244' title='bbox 148 2811 237 2863; x_wconf 85' lang='lat' dir='ltr'><strong>tuna,</strong></span> <span class='ocrx_word' id='word_1_245' title='bbox 258 2800 347 2851; x_wconf 87' lang='lat' dir='ltr'><strong>durior</strong></span> <span class='ocrx_word' id='word_1_246' title='bbox 367 2801 422 2852; x_wconf 90' lang='lat' dir='ltr'><strong>iam</strong></span> <span class='ocrx_word' id='word_1_247' title='bbox 444 2801 541 2852; x_wconf 83' lang='lat' dir='ltr'><strong>saeuire</strong></span> <span class='ocrx_word' id='word_1_248' title='bbox 567 2799 669 2849; x_wconf 79' lang='lat' dir='ltr'><strong>desiste.</strong></span> <span class='ocrx_word' id='word_1_249' title='bbox 705 2795 817 2848; x_wconf 83' lang='lat' dir='ltr'><strong>Terent.</strong></span> <span class='ocrx_word' id='word_1_250' title='bbox 836 2794 918 2847; x_wconf 82' lang='lat' dir='ltr'><strong>Andr.</strong></span> <span class='ocrx_word' id='word_1_251' title='bbox 939 2795 964 2859; x_wconf 90' lang='lat'><strong>1,</strong></span> <span class='ocrx_word' id='word_1_252' title='bbox 981 2792 1066 2858; x_wconf 56' lang='lat'><strong>219.</strong></span> <span class='ocrx_word' id='word_1_253' title='bbox 1093 2795 1139 2847; x_wconf 86' lang='lat' dir='ltr'><strong>de-</strong></span> 
     </span>
     <span class='ocr_line' id='line_1_30' title="bbox 148 2881 1138 2953; baseline -0.007 -13"><span class='ocrx_word' id='word_1_254' title='bbox 148 2889 214 2940; x_wconf 75' lang='lat' dir='ltr'><strong>liine</strong></span> <span class='ocrx_word' id='word_1_255' title='bbox 238 2886 341 2953; x_wconf 81' lang='lat' dir='ltr'><strong>postula</strong></span> <span class='ocrx_word' id='word_1_256' title='bbox 362 2885 419 2946; x_wconf 83' lang='lat' dir='ltr'><strong>siue</strong></span> <span class='ocrx_word' id='word_1_257' title='bbox 436 2890 584 2952; x_wconf 78' lang='lat' dir='ltr'><strong>aequumst,</strong></span> <span class='ocrx_word' id='word_1_258' title='bbox 610 2888 636 2934; x_wconf 88' lang='lat' dir='ltr'><strong>le</strong></span> <span class='ocrx_word' id='word_1_259' title='bbox 661 2881 840 2945; x_wconf 52' lang='lat' dir='ltr'><strong>moslinse,</strong></span> <span class='ocrx_word' id='word_1_260' title='bbox 869 2887 898 2931; x_wconf 90' lang='lat' dir='ltr'><strong>ut</strong></span> <span class='ocrx_word' id='word_1_261' title='bbox 921 2881 1008 2932; x_wconf 86' lang='lat' dir='ltr'><strong>redeat</strong></span> <span class='ocrx_word' id='word_1_262' title='bbox 1031 2882 1087 2932; x_wconf 89' lang='lat' dir='ltr'><strong>iam</strong></span> <span class='ocrx_word' id='word_1_263' title='bbox 1108 2881 1138 2938; x_wconf 84' lang='lat' dir='ltr'><strong>in</strong></span> 
     </span>
     <span class='ocr_line' id='line_1_31' title="bbox 149 2964 1040 3036; baseline -0.012 -11"><span class='ocrx_word' id='word_1_264' title='bbox 149 2974 234 3024; x_wconf 89' lang='lat' dir='ltr'><strong>viam.</strong></span> <span class='ocrx_word' id='word_1_265' title='bbox 267 2968 368 3020; x_wconf 84' lang='lat' dir='ltr'><strong>Lucan.</strong></span> <span class='ocrx_word' id='word_1_266' title='bbox 383 2967 409 3032; x_wconf 89' lang='grc'><strong>2,</strong></span> <span class='ocrx_word' id='word_1_267' title='bbox 427 2965 487 3019; x_wconf 80' lang='grc'><strong>214.</strong></span> <span class='ocrx_word' id='word_1_268' title='bbox 505 2968 558 3020; x_wconf 88' lang='lat' dir='ltr'><strong>iam</strong></span> <span class='ocrx_word' id='word_1_269' title='bbox 571 2967 709 3036; x_wconf 82' lang='lat' dir='ltr'><strong>sanguinis</strong></span> <span class='ocrx_word' id='word_1_270' title='bbox 726 2966 773 3017; x_wconf 85' lang='lat' dir='ltr'><strong>alti</strong></span> <span class='ocrx_word' id='word_1_271' title='bbox 788 2964 825 3016; x_wconf 89' lang='lat' dir='ltr'><strong>uis</strong></span> <span class='ocrx_word' id='word_1_272' title='bbox 838 2965 887 3016; x_wconf 85' lang='lat' dir='ltr'><strong>sili</strong></span> <span class='ocrx_word' id='word_1_273' title='bbox 896 2967 967 3030; x_wconf 78' lang='lat' dir='ltr'><strong>fecit</strong></span> <span class='ocrx_word' id='word_1_274' title='bbox 983 2966 1040 3021; x_wconf 78' lang='lat' dir='ltr'><strong>iter.</strong></span> 
     </span>
    </p>
   </div>
   <div class='ocr_carea' id='block_1_9' title="bbox 147 3067 1137 4003">
    <p class='ocr_par' dir='ltr' id='par_1_10' title="bbox 147 3067 1137 3903">
     <span class='ocr_line' id='line_1_32' title="bbox 187 3067 1137 3137; baseline -0.007 -12"><span class='ocrx_word' id='word_1_275' title='bbox 187 3072 251 3126; x_wconf 73' lang='lat' dir='ltr'><strong>Lis.</strong></span> <span class='ocrx_word' id='word_1_276' title='bbox 260 3071 304 3135; x_wconf 91' lang='grc'><strong>21,</strong></span> <span class='ocrx_word' id='word_1_277' title='bbox 322 3071 366 3135; x_wconf 87' lang='grc'><strong>21,</strong></span> <span class='ocrx_word' id='word_1_278' title='bbox 380 3070 407 3127; x_wconf 75' lang='lat' dir='ltr'><strong>⁸l.</strong></span> <span class='ocrx_word' id='word_1_279' title='bbox 425 3071 540 3122; x_wconf 81' lang='lat' dir='ltr'><strong>munibus</strong></span> <span class='ocrx_word' id='word_1_280' title='bbox 551 3073 610 3137; x_wconf 84' lang='lat' dir='ltr'><strong>sere</strong></span> <span class='ocrx_word' id='word_1_281' title='bbox 624 3068 724 3121; x_wconf 87' lang='lat' dir='ltr'><strong>uisendi·</strong></span> <span class='ocrx_word' id='word_1_282' title='bbox 737 3068 823 3118; x_wconf 84' lang='lat' dir='ltr'><strong>domas</strong></span> <span class='ocrx_word' id='word_1_283' title='bbox 841 3067 929 3118; x_wconf 84' lang='lat' dir='ltr'><strong>allatu</strong></span> <span class='ocrx_word' id='word_1_284' title='bbox 943 3068 1010 3119; x_wconf 90' lang='lat' dir='ltr'><strong>ultra</strong></span> <span class='ocrx_word' id='word_1_285' title='bbox 1023 3073 1137 3136; x_wconf 76' lang='lat' dir='ltr'><strong>potestas</strong></span> 
     </span>
     <span class='ocr_line' id='line_1_33' title="bbox 150 3151 1136 3230; baseline -0.006 -22"><span class='ocrx_word' id='word_1_286' title='bbox 150 3165 238 3230; x_wconf 82' lang='lat' dir='ltr'><strong>grata</strong></span> <span class='ocrx_word' id='word_1_287' title='bbox 259 3163 316 3207; x_wconf 83' lang='lat' dir='ltr'><strong>erat</strong></span> <span class='ocrx_word' id='word_1_288' title='bbox 328 3163 352 3207; x_wconf 87' lang='lat' dir='ltr'><strong>et</strong></span> <span class='ocrx_word' id='word_1_289' title='bbox 371 3155 427 3207; x_wconf 89' lang='lat' dir='ltr'><strong>iam</strong></span> <span class='ocrx_word' id='word_1_290' title='bbox 440 3156 640 3206; x_wconf 87' lang='lat' dir='ltr'><strong>desiderantibus</strong></span> <span class='ocrx_word' id='word_1_291' title='bbox 655 3169 714 3204; x_wconf 89' lang='lat' dir='ltr'><strong>suos</strong></span> <span class='ocrx_word' id='word_1_292' title='bbox 727 3158 753 3203; x_wconf 87' lang='lat' dir='ltr'><strong>et</strong></span> <span class='ocrx_word' id='word_1_293' title='bbox 775 3151 880 3220; x_wconf 86' lang='lat' dir='ltr'><strong>langius</strong></span> <span class='ocrx_word' id='word_1_294' title='bbox 897 3153 924 3202; x_wconf 87' lang='lat' dir='ltr'><strong>in</strong></span> <span class='ocrx_word' id='word_1_295' title='bbox 941 3157 1061 3220; x_wconf 80' lang='lat' dir='ltr'><strong>futurum</strong></span> <span class='ocrx_word' id='word_1_296' title='bbox 1073 3169 1136 3219; x_wconf 80' lang='lat' dir='ltr'><strong>pro·</strong></span> 
     </span>
     <span class='ocr_line' id='line_1_34' title="bbox 150 3235 1136 3307; baseline -0.01 -11"><span class='ocrx_word' id='word_1_297' title='bbox 150 3242 297 3296; x_wconf 79' lang='lat' dir='ltr'><strong>sidentibus</strong></span> <span class='ocrx_word' id='word_1_298' title='bbox 313 3239 477 3292; x_wconf 84' lang='lat' dir='ltr'><strong>desidorium.</strong></span> <span class='ocrx_word' id='word_1_299' title='bbox 510 3241 558 3292; x_wconf 86' lang='lat' dir='ltr'><strong>Per</strong></span> <span class='ocrx_word' id='word_1_300' title='bbox 571 3247 653 3291; x_wconf 88' lang='lat' dir='ltr'><strong>talam</strong></span> <span class='ocrx_word' id='word_1_301' title='bbox 667 3245 764 3307; x_wconf 82' lang='lat' dir='ltr'><strong>tempus</strong></span> <span class='ocrx_word' id='word_1_302' title='bbox 786 3236 874 3287; x_wconf 78' lang='lat' dir='ltr'><strong>iriensis</strong></span> <span class='ocrx_word' id='word_1_303' title='bbox 890 3238 959 3302; x_wconf 84' lang='lat' dir='ltr'><strong>quies</strong></span> <span class='ocrx_word' id='word_1_304' title='bbox 976 3238 1044 3287; x_wconf 87' lang='lat' dir='ltr'><strong>inter</strong></span> <span class='ocrx_word' id='word_1_305' title='bbox 1065 3235 1136 3286; x_wconf 86' lang='lat' dir='ltr'><strong>lalc-</strong></span> 
     </span>
     <span class='ocr_line' id='line_1_35' title="bbox 147 3321 1137 3393; baseline -0.012 -11"><span class='ocrx_word' id='word_1_306' title='bbox 147 3347 211 3393; x_wconf 77' lang='lat' dir='ltr'><strong>res,</strong></span> <span class='ocrx_word' id='word_1_307' title='bbox 233 3328 277 3378; x_wconf 86' lang='lat' dir='ltr'><strong>aut</strong></span> <span class='ocrx_word' id='word_1_308' title='bbox 298 3325 351 3376; x_wconf 87' lang='lat' dir='ltr'><strong>iam</strong></span> <span class='ocrx_word' id='word_1_309' title='bbox 368 3324 560 3386; x_wconf 78' lang='lat' dir='ltr'><strong>erliaastcsinut</strong></span> <span class='ocrx_word' id='word_1_310' title='bbox 574 3341 633 3375; x_wconf 80' lang='lat' dir='ltr'><strong>maa</strong></span> <span class='ocrx_word' id='word_1_311' title='bbox 649 3321 853 3381; x_wconf 77' lang='lat' dir='ltr'><strong>exhauriendos,</strong></span> <span class='ocrx_word' id='word_1_312' title='bbox 874 3321 1008 3380; x_wconf 81' lang='lat' dir='ltr'><strong>renouauit</strong></span> <span class='ocrx_word' id='word_1_313' title='bbox 1030 3335 1137 3387; x_wconf 83' lang='lat' dir='ltr'><strong>corpora</strong></span> 
     </span>
     <span class='ocr_line' id='line_1_36' title="bbox 149 3405 1137 3477; baseline -0.009 -12"><span class='ocrx_word' id='word_1_314' title='bbox 149 3413 313 3477; x_wconf 81' lang='lat' dir='ltr'><strong>animasque.</strong></span> <span class='ocrx_word' id='word_1_315' title='bbox 349 3407 404 3460; x_wconf 81' lang='lat' dir='ltr'><strong>Cic.</strong></span> <span class='ocrx_word' id='word_1_316' title='bbox 426 3407 460 3460; x_wconf 85' lang='lat' dir='ltr'><strong>ad</strong></span> <span class='ocrx_word' id='word_1_317' title='bbox 482 3406 558 3462; x_wconf 83' lang='lat' dir='ltr'><strong>Fam.</strong></span> <span class='ocrx_word' id='word_1_318' title='bbox 579 3405 605 3471; x_wconf 86' lang='grc'>6,</span> <span class='ocrx_word' id='word_1_319' title='bbox 632 3405 659 3470; x_wconf 89' lang='grc'><strong>2,</strong></span> <span class='ocrx_word' id='word_1_320' title='bbox 685 3406 711 3457; x_wconf 94' lang='lat' dir='ltr'><strong>l.</strong></span> <span class='ocrx_word' id='word_1_321' title='bbox 739 3405 871 3474; x_wconf 82' lang='lat' dir='ltr'><strong>grauitate</strong></span> <span class='ocrx_word' id='word_1_322' title='bbox 893 3405 1065 3467; x_wconf 84' lang='lat' dir='ltr'><strong>ualetudinis,</strong></span> <span class='ocrx_word' id='word_1_323' title='bbox 1085 3421 1137 3472; x_wconf 77' lang='lat' dir='ltr'><strong>qua</strong></span> 
     </span>
     <span class='ocr_line' id='line_1_37' title="bbox 148 3486 1137 3562; baseline -0.01 -11"><span class='ocrx_word' id='word_1_324' title='bbox 148 3505 244 3551; x_wconf 83' lang='lat' dir='ltr'><strong>tamen</strong></span> <span class='ocrx_word' id='word_1_325' title='bbox 270 3495 325 3545; x_wconf 91' lang='lat' dir='ltr'><strong>iam</strong></span> <span class='ocrx_word' id='word_1_326' title='bbox 345 3494 494 3562; x_wconf 81' lang='lat' dir='ltr'><strong>paullulum</strong></span> <span class='ocrx_word' id='word_1_327' title='bbox 514 3496 602 3546; x_wconf 87' lang='lat' dir='ltr'><strong>uideor</strong></span> <span class='ocrx_word' id='word_1_328' title='bbox 622 3491 709 3544; x_wconf 87' lang='lat' dir='ltr'><strong>leuari.</strong></span> <span class='ocrx_word' id='word_1_329' title='bbox 730 3489 778 3541; x_wconf 83' lang='lat' dir='ltr'><strong>ad</strong></span> <span class='ocrx_word' id='word_1_330' title='bbox 800 3490 877 3540; x_wconf 85' lang='lat' dir='ltr'><strong>Fam.</strong></span> <span class='ocrx_word' id='word_1_331' title='bbox 896 3488 922 3552; x_wconf 77' lang='grc' dir='ltr'><strong>ὃ,</strong></span> <span class='ocrx_word' id='word_1_332' title='bbox 942 3486 968 3551; x_wconf 76' lang='grc'><strong>8,</strong></span> <span class='ocrx_word' id='word_1_333' title='bbox 993 3488 1035 3545; x_wconf 89' lang='grc'><strong>16.</strong></span> <span class='ocrx_word' id='word_1_334' title='bbox 1059 3505 1137 3555; x_wconf 72' lang='lat' dir='ltr'><strong>aarum</strong></span> 
     </span>
     <span class='ocr_line' id='line_1_38' title="bbox 149 3573 1134 3646; baseline -0.013 -12"><span class='ocrx_word' id='word_1_335' title='bbox 149 3582 224 3634; x_wconf 88' lang='lat' dir='ltr'><strong>enim</strong></span> <span class='ocrx_word' id='word_1_336' title='bbox 247 3578 406 3642; x_wconf 74' lang='lat' dir='ltr'><strong>Laodiceae,</strong></span> <span class='ocrx_word' id='word_1_337' title='bbox 434 3595 512 3644; x_wconf 75' lang='lat' dir='ltr'><strong>quum</strong></span> <span class='ocrx_word' id='word_1_338' title='bbox 532 3580 679 3646; x_wconf 84' lang='lat' dir='ltr'><strong>Apameae,</strong></span> <span class='ocrx_word' id='word_1_339' title='bbox 696 3591 773 3641; x_wconf 82' lang='lat' dir='ltr'><strong>quum</strong></span> <span class='ocrx_word' id='word_1_340' title='bbox 792 3573 923 3640; x_wconf 76' lang='lat' dir='ltr'><strong>Synnadis</strong></span> <span class='ocrx_word' id='word_1_341' title='bbox 942 3589 1071 3634; x_wconf 85' lang='lat' dir='ltr'><strong>—essem</strong></span> <span class='ocrx_word' id='word_1_342' title='bbox 1091 3598 1134 3634; x_wconf 86' lang='lat'><strong>-,</strong></span> 
     </span>
     <span class='ocr_line' id='line_1_39' title="bbox 151 3654 1134 3732; baseline -0.012 -16"><span class='ocrx_word' id='word_1_343' title='bbox 151 3679 244 3716; x_wconf 87' lang='lat' dir='ltr'><strong>amnes</strong></span> <span class='ocrx_word' id='word_1_344' title='bbox 265 3663 320 3714; x_wconf 87' lang='lat' dir='ltr'><strong>iam</strong></span> <span class='ocrx_word' id='word_1_345' title='bbox 343 3664 418 3714; x_wconf 88' lang='lat' dir='ltr'><strong>istius</strong></span> <span class='ocrx_word' id='word_1_346' title='bbox 440 3662 543 3732; x_wconf 86' lang='lat' dir='ltr'><strong>generis</strong></span> <span class='ocrx_word' id='word_1_347' title='bbox 566 3660 708 3730; x_wconf 84' lang='lat' dir='ltr'><strong>legationes</strong></span> <span class='ocrx_word' id='word_1_348' title='bbox 722 3665 806 3709; x_wconf 75' lang='lat' dir='ltr'><strong>&#39;mant</strong></span> <span class='ocrx_word' id='word_1_349' title='bbox 828 3657 988 3713; x_wconf 85' lang='lat' dir='ltr'><strong>constitutae.</strong></span> <span class='ocrx_word' id='word_1_350' title='bbox 1022 3655 1093 3706; x_wconf 89' lang='lat' dir='ltr'><strong>Cels.</strong></span> <span class='ocrx_word' id='word_1_351' title='bbox 1107 3654 1134 3716; x_wconf 78' lang='grc' dir='ltr'><strong>ὃ,</strong></span> 
     </span>
     <span class='ocr_line' id='line_1_40' title="bbox 151 3740 1136 3817; baseline -0.009 -15"><span class='ocrx_word' id='word_1_352' title='bbox 151 3747 198 3802; x_wconf 81' lang='grc'><strong>18.</strong></span> <span class='ocrx_word' id='word_1_353' title='bbox 220 3764 301 3814; x_wconf 79' lang='lat' dir='ltr'><strong>neque</strong></span> <span class='ocrx_word' id='word_1_354' title='bbox 320 3748 473 3799; x_wconf 88' lang='lat' dir='ltr'><strong>credendum</strong></span> <span class='ocrx_word' id='word_1_355' title='bbox 490 3754 542 3810; x_wconf 85' lang='lat' dir='ltr'><strong>est,</strong></span> <span class='ocrx_word' id='word_1_356' title='bbox 560 3748 582 3798; x_wconf 89' lang='lat' dir='ltr'><strong>si</strong></span> <span class='ocrx_word' id='word_1_357' title='bbox 595 3746 695 3800; x_wconf 79' lang='lat' dir='ltr'><strong>uinctus</strong></span> <span class='ocrx_word' id='word_1_358' title='bbox 717 3742 828 3817; x_wconf 76' lang='lat' dir='ltr'><strong>aliquis,</strong></span> <span class='ocrx_word' id='word_1_359' title='bbox 849 3742 912 3795; x_wconf 88' lang='lat' dir='ltr'><strong>dum</strong></span> <span class='ocrx_word' id='word_1_360' title='bbox 928 3741 1010 3801; x_wconf 88' lang='lat' dir='ltr'><strong>levari</strong></span> <span class='ocrx_word' id='word_1_361' title='bbox 1029 3740 1136 3793; x_wconf 81' lang='lat' dir='ltr'><strong>uincrrlio</strong></span> 
     </span>
     <span class='ocr_line' id='line_1_41' title="bbox 154 3833 856 3903; baseline -0.006 -19"><span class='ocrx_word' id='word_1_362' title='bbox 154 3833 246 3903; x_wconf 84' lang='lat' dir='ltr'><strong>eupit,</strong></span> <span class='ocrx_word' id='word_1_363' title='bbox 264 3849 354 3888; x_wconf 72' lang='lat' dir='ltr'><strong>usuum</strong></span> <span class='ocrx_word' id='word_1_364' title='bbox 369 3833 423 3882; x_wconf 87' lang='lat' dir='ltr'><strong>iam</strong></span> <span class='ocrx_word' id='word_1_365' title='bbox 437 3849 463 3883; x_wconf 89' lang='lat' dir='ltr'><strong>se</strong></span> <span class='ocrx_word' id='word_1_366' title='bbox 475 3833 577 3900; x_wconf 86' lang='lat' dir='ltr'><strong>fingat.</strong></span> <span class='ocrx_word' id='word_1_367' title='bbox 600 3836 603 3841; x_wconf 85' lang='lat'>&#39;</span> <span class='ocrx_word' id='word_1_368' title='bbox 853 3833 856 3838; x_wconf 79' lang='grc'>’</span> 
     </span>
    </p>

    <p class='ocr_par' dir='ltr' id='par_1_11' title="bbox 186 3929 1137 4003">
     <span class='ocr_line' id='line_1_42' title="bbox 186 3929 1137 4003; baseline -0.009 -16"><span class='ocrx_word' id='word_1_369' title='bbox 186 3933 320 3987; x_wconf 83' lang='lat' dir='ltr'><strong>Formula</strong></span> <span class='ocrx_word' id='word_1_370' title='bbox 336 3935 423 3986; x_wconf 85' lang='lat' dir='ltr'><strong>iamne</strong></span> <span class='ocrx_word' id='word_1_371' title='bbox 437 3933 514 3991; x_wconf 80' lang='lat' dir='ltr'><strong>abis?</strong></span> <span class='ocrx_word' id='word_1_372' title='bbox 533 3938 644 3998; x_wconf 83' lang='lat' dir='ltr'><strong>utuntur</strong></span> <span class='ocrx_word' id='word_1_373' title='bbox 659 3933 696 3999; x_wconf 80' lang='lat' dir='ltr'><strong>ii,</strong></span> <span class='ocrx_word' id='word_1_374' title='bbox 714 3932 763 4003; x_wconf 79' lang='lat' dir='ltr'><strong>qni</strong></span> <span class='ocrx_word' id='word_1_375' title='bbox 787 3930 906 3999; x_wconf 82' lang='lat' dir='ltr'><strong>aliquem</strong></span> <span class='ocrx_word' id='word_1_376' title='bbox 927 3929 1072 3981; x_wconf 80' lang='lat' dir='ltr'><strong>abeuntem</strong></span> <span class='ocrx_word' id='word_1_377' title='bbox 1091 3943 1137 3979; x_wconf 88' lang='lat' dir='ltr'><strong>rc-</strong></span> 
     </span>
    </p>
   </div>
   <div class='ocr_carea' id='block_1_10' title="bbox 157 4002 977 4090">
    <p class='ocr_par' dir='ltr' id='par_1_12' title="bbox 157 4002 977 4090">
     <span class='ocr_line' id='line_1_43' title="bbox 157 4002 977 4090; baseline -0.011 -15"><span class='ocrx_word' id='word_1_378' title='bbox 157 4021 251 4075; x_wconf 62' lang='grc' dir='ltr'><strong>ιω...</strong></span> <span class='ocrx_word' id='word_1_379' title='bbox 266 4017 385 4090; x_wconf 73' lang='lat' dir='ltr'><strong>cupiunt.</strong></span> <span class='ocrx_word' id='word_1_380' title='bbox 419 4018 508 4073; x_wconf 77' lang='lat' dir='ltr'><strong>araur.</strong></span> <span class='ocrx_word' id='word_1_381' title='bbox 523 4018 597 4074; x_wconf 65' lang='lat' dir='ltr'><strong>usn.</strong></span> <span class='ocrx_word' id='word_1_382' title='bbox 611 4019 639 4090; x_wconf 78' lang='lat' dir='ltr'><strong>a,</strong></span> <span class='ocrx_word' id='word_1_383' title='bbox 652 4019 679 4087; x_wconf 83' lang='lat' dir='ltr'><strong>s,</strong></span> <span class='ocrx_word' id='word_1_384' title='bbox 696 4017 739 4074; x_wconf 81' lang='lat' dir='ltr'><strong>so.</strong></span> <span class='ocrx_word' id='word_1_385' title='bbox 759 4002 835 4073; x_wconf 75' lang='lat' dir='ltr'><strong>aaa.</strong></span> <span class='ocrx_word' id='word_1_386' title='bbox 846 4017 873 4084; x_wconf 80' lang='lat'><strong>2,</strong></span> <span class='ocrx_word' id='word_1_387' title='bbox 890 4015 916 4081; x_wconf 85' lang='lat' dir='ltr'><strong>r,</strong></span> <span class='ocrx_word' id='word_1_388' title='bbox 933 4013 977 4068; x_wconf 75' lang='lat' dir='ltr'><strong>rs.</strong></span> 
     </span>
    </p>
   </div>
   <div class='ocr_carea' id='block_1_11' title="bbox 0 0 1320 4770">
    <p class='ocr_par' dir='ltr' id='par_1_13' title="bbox 0 0 1320 4770">
     <span class='ocr_line' id='line_1_44' title="bbox 0 0 1320 4770; baseline 0 0"><span class='ocrx_word' id='word_1_389' title='bbox 0 0 1320 4770; x_wconf 95' lang='lat' dir='ltr'><strong> </strong></span> 
     </span>
    </p>
   </div>
  </div>
 </body>
</html>
