2632 4770
150 226 153 231 ·
227 228 290 306 ⁵2⁴
387 275 434 319 ,ἦ
650 221 833 289 rraavu,

151 349 155 359 ⁸
225 377 412 460 deducunt,
422 377 524 525 1gratari
545 375 587 473 sit
597 397 665 461 per
679 375 747 440 iter
767 394 958 481 reverepma
979 374 1070 463 qnod
1087 373 1278 439 absurdum

222 547 378 698 putabet,
399 462 1279 635 quppplppupnagppapppappppappagapprpptppp

238 635 354 732 angius
370 635 403 697 in
418 633 530 696 Lexic.
558 628 603 695 T.
619 636 651 697 4.
696 636 794 696 .211.
818 641 994 718 cognatum
1020 632 1166 728 appellat
1193 653 1279 717 ger·

222 461 363 529 ridetur.

221 740 389 784 manicam
403 715 600 783 winulorum.
676 738 729 781 arn
748 715 804 815 qui
832 716 1010 783 verborum
1034 717 1279 783 similitudines

220 804 352 869 auribus
367 813 494 867 tantum
511 811 661 889 captant,
682 800 835 867 inanibus
860 804 949 866 sonis
972 824 1068 890 saepe
1091 802 1278 868 falluntur.

219 887 439 955 Doederlinus
465 898 575 951 autem
599 884 700 951 Tum.
722 893 753 952 1.
779 909 815 974 p.
835 891 908 951 181.
932 888 1063 952 brevem
1089 889 1171 952 dicit
1194 888 1279 952 for-

219 996 309 1038 mam
333 972 423 1039 verbi
450 972 614 1053 alterum,
646 970 792 1059 quadiu
816 974 922 1037 vicem
946 973 1091 1039 inusitati
1115 975 1279 1039 nominis

219 1058 402 1124 secundum
419 1057 568 1133 abatinis
583 1066 667 1120 esset
681 1052 905 1124 substitutam.
936 1059 977 1121 Aa
992 1069 1161 1145 praeterea
1180 1061 1277 1146 quand

218 1166 288 1211 non
309 1142 504 1226 intelligitur
518 1141 573 1208 illa
588 1142 729 1207 brevitas
746 1141 892 1222 fortnas,
916 1165 977 1207 nec
992 1147 1275 1211 commutationis

219 1250 331 1294 caussa
347 1238 453 1315 patet,
485 1227 612 1292 vidntur
633 1228 816 1292 searndam
838 1229 1054 1312 obsolevisse,
1082 1242 1273 1318 postquam

217 1317 340 1380 iterum
358 1323 427 1377 erat
442 1310 579 1377 factum.
609 1310 680 1376 Nos
695 1313 877 1401 analogiam
896 1316 1066 1400 sequimur
1079 1314 1272 1383 verborum

217 1395 367 1487 inferna,
384 1408 560 1497 posterus,
593 1408 625 1461 et
649 1398 774 1462 iterum
800 1410 913 1463 ortum
934 1423 1001 1465 esse
1025 1424 1202 1468 censemus
1230 1427 1272 1468 ex

217 1486 332 1548 endem
359 1493 463 1569 stirpe
488 1482 759 1561 demonstrativa,
793 1485 844 1549 eui
875 1486 1109 1572 assignavimus
1128 1561 1131 1565 ,
1147 1488 1205 1554 ito
1239 1502 1271 1556 et

217 1571 310 1635 item.
354 1566 486 1656 Syllaba
502 1579 612 1647 terrra,
631 1579 742 1633 terum
756 1568 1178 1656 significatgradatiouem,
1205 1596 1269 1640 un-

216 1656 256 1720 de
272 1655 369 1719 etiam
389 1652 429 1717 ad
445 1652 639 1717 formandos
658 1655 898 1741 comparativus
920 1657 1105 1725 adhibetur.
1148 1661 1269 1750 Neque

215 1735 376 1828 discrepat
391 1736 584 1825 significatio
598 1738 701 1826 ipsius
717 1739 912 1826 particulae,
936 1763 1021 1828 quae
1037 1755 1084 1808 eat
1100 1730 1184 1811 il'em
1199 1750 1266 1814 sive

215 1827 332 1890 codem
350 1825 455 1888 modo
474 1832 511 1886 ut
532 1833 627 1888 anton
651 1844 706 1887 seu
724 1824 836 1910 prius,
855 1822 922 1891 boc
944 1837 1009 1910 ost,
1029 1830 1109 1895 item
1135 1854 1266 1917 rursus,

214 1912 295 1976 item
310 1910 411 1976 altera
425 1908 512 1974 vice:
538 1932 576 1973 ao
590 1908 676 1972 noch
689 1908 830 1974 einmal.

317 2028 451 2083 Eandem
472 2027 533 2080 iere
554 2027 717 2082 seutentiam
739 2026 872 2083 indicavit
896 2023 1097 2087 Rabrsbcrnius
1117 2036 1147 2088 in
1169 2037 1263 2109 Synn-

277 2129 354 2184 aym.
385 2110 465 2164 Tum.
481 2109 508 2162 l.
535 2128 562 2181 p.
578 2110 639 2166 851).
689 2112 771 2181 Quae
790 2129 839 2165 nee
863 2112 1067 2184 simplicissima
1088 2121 1201 2176 ratione
1231 2142 1263 2177 ex

280 2195 368 2264 ipsius
382 2192 510 2247 vocabuli
523 2198 622 2249 natura
645 2196 824 2264 collegimus,
845 2197 972 2255 {sinchius
993 2203 1021 2257 in
1043 2204 1136 2259 tanati
1160 2209 1260 2263 Aunel.

280 2281 361 2351 Tam.
380 2278 422 2351 11.
445 2295 472 2345 p.
490 2276 534 2330 25.
568 2295 602 2332 ex
623 2281 771 2336 reconditis
791 2282 976 2338 ramserlticae
998 2288 1112 2358 linguae
1137 2293 1261 2348 fontibus

278 2362 388 2427 bausit,
411 2366 494 2431 atque
506 2362 598 2418 decuit
617 2366 712 2421 iterans
727 2384 788 2421 esre
802 2369 1019 2437 comparativum
1043 2377 1217 2441 pronominis
1233 2383 1262 2445 is,

280 2464 334 2517 qun
348 2445 539 2500 demonstratio
556 2449 724 2517 exprimatur
745 2440 836 2522 magis
859 2454 995 2509 distincta.
1029 2460 1084 2511 Sed
1104 2479 1160 2528 qun
1179 2467 1262 2518 modo

279 2531 308 2584 it
327 2530 571 2597 demonstraverit,
588 2532 612 2586 ai
634 2533 695 2602 quis
718 2553 884 2605 cognoscere
907 2539 988 2605 velit,
1007 2543 1088 2596 adeat
1109 2546 1203 2613 ipsum
1227 2551 1262 2602 li-

277 2618 367 2669 brum.
408 2616 464 2669 sit
485 2634 539 2669 unu
562 2617 651 2671 minus
674 2619 814 2673 mirabilia
832 2622 915 2674 tradit
937 2625 1107 2696 Hartungius
1134 2631 1163 2682 in
1186 2634 1261 2688 libro

277 2701 311 2753 de
327 2699 441 2753 casibus
454 2717 480 2767 p.
496 2699 556 2753 292.
573 2704 666 2754 iterum
681 2703 845 2757 descendere
863 2708 898 2758 nb
914 2726 1015 2777 pecco
1037 2713 1089 2773 ἴος.
1104 2713 1123 2766 i.
1141 2733 1165 2768 e.
1181 2736 1261 2784 auur,

277 2785 357 2853 eique
380 2783 515 2838 adiectum
538 2802 597 2837 esse
621 2787 838 2841 terminationem
862 2795 1055 2860 corrrparativi‚
1073 2799 1134 2850 sive
1153 2802 1195 2854 uti
1213 2803 1259 2856 in-

280 2869 390 2938 geniose
405 2886 466 2923 earn
483 2867 621 2936 appellat,
641 2871 746 2938 dativi,
765 2874 811 2941 qni
835 2877 968 2942 exprimat
985 2880 1120 2934 rationem
1138 2885 1260 2943 dualem.

278 2955 333 3015 Hir
355 2953 441 3023 igitur
463 2954 628 3018 edocemur,
648 2956 713 3023 quid
736 2958 874 3027 significet
896 2964 1010 3017 iterum?
1039 2965 1092 3018 Illo
1117 2969 1159 3021 att
1181 2975 1261 3027 nina

276 3040 322 3094 nait
339 3038 479 3090 Raielrer‘ebt
492 3043 543 3106 auf
554 3040 628 3092 ranei.

292 3173 386 3252 Quae
401 3173 501 3260 igitur
517 3194 557 3237 ex
575 3172 629 3237 illa
646 3176 814 3261 primitiva
830 3181 966 3247 notione
988 3185 1112 3270 prodiit
1127 3186 1260 3273 signili·

211 3256 308 3336 catio,
327 3257 449 3345 duplex
464 3269 534 3323 erat
552 3257 689 3326 diversis
704 3265 922 3353 temporibus.
965 3269 1029 3335 Sed
1046 3271 1086 3336 de
1101 3293 1141 3338 ea
1159 3275 1258 3340 dein-

208 3362 284 3429 ceps
300 3342 458 3408 dicamus.

289 3512 315 3576 Ι.
359 3518 389 3577 1.
412 3512 542 3579 Iterum
556 3519 727 3581 communi
743 3519 777 3582 in
797 3540 856 3585 usu
878 3519 1065 3607 designabat
1082 3526 1118 3589 in
1137 3525 1251 3590 ordine

208 3597 324 3661 autin
347 3616 487 3665 numero
508 3601 689 3667 seotrndum
719 3602 828 3668 locum
856 3606 1000 3672 eiusdem
1027 3612 1076 3674 vel
1109 3611 1254 3698 aequalis

204 3680 273 3756 rei,
294 3682 440 3769 primam
465 3685 511 3750 rei
527 3685 669 3774 agendae
688 3690 936 3776 repetitionem,
959 3715 1021 3779 qua
1045 3696 1170 3783 duplex
1194 3722 1256 3784 ap·

204 3776 319 3856 pareat
339 3770 456 3835 eadem
477 3792 542 3835 res.
592 3769 631 3836 ld
660 3773 728 3838 iam
750 3775 922 3841 Noltenius
945 3794 1164 3865 cognoverat,
1200 3786 1258 3849 in-

104 3884 107 3891 ·
205 3852 321 3937 quiem
343 3875 378 3940 p.
400 3855 474 3922 896.
502 3877 619 3921 rursus
645 3859 768 3946 repetit
794 3860 865 3933 sine
886 3875 1037 3950 respectu
1064 3869 1201 3933 numeri
1226 3880 1260 3935 et

206 3938 353 4017 ordinis,
385 3939 509 4006 iterum
530 3942 673 4029 primam
704 3945 935 4030 repetitionem
959 3950 1105 4038 respicit.
1160 3954 1260 4037 Quae

206 4023 307 4091 verba
327 4024 680 4117 Doederlinusfftribuit
694 4029 839 4099 Ausonio
854 4031 1014 4120 Popma'e,
1036 4033 1094 4102 sed
1110 4037 1262 4108 ateana
