2632 4770
506 262 674 364 rouvre.
1046 274 1108 342 ..ὅ

50 426 129 494 rto,
158 413 230 480 sive
251 420 459 485 commutatis
487 419 604 485 litteris
625 428 693 485 ret
713 439 751 495 a,
777 426 815 482 ut
836 418 925 487 idem
947 424 990 489 sit
1014 427 1107 512 quod

54 501 145 573 itus,
169 502 238 566 sive
261 504 352 590 quod
377 504 513 571 r'iioale
535 506 699 569 adiectum
725 513 792 582 est,
822 509 1106 588 quemadmodum

58 585 91 649 in
105 584 180 649 aliis
196 586 375 668 adverbiis,
400 601 437 654 ut
450 590 616 656 luculente
631 589 669 653 fit
686 589 882 654 luculenter.
921 594 1107 662 Praefixum

59 681 170 737 autem
188 672 230 759 ig
243 686 368 741 mutatu
384 687 433 739 est
448 675 560 745 forma
584 675 731 762 syllabae
754 674 804 749 ic,
826 681 1108 761 quomadmodum

57 757 246 845 cigeeimuo
262 782 324 847 pro
341 761 513 837 vicesimo,
538 761 680 853 negligo
697 781 761 846 pro
781 761 920 849 neclego
944 766 1108 833 scribeba-

56 850 137 925 tur,
168 843 270 929 idque
292 845 388 919 io'ex
409 848 546 932 antiquo
577 846 704 910 dicendi
730 855 761 909 et
786 846 950 916 scribendi
972 872 1034 918 usu
1057 863 1108 920 est

55 926 143 1023 liic„
170 927 249 996 Vid.
267 930 460 999 Schneideri
480 933 627 997 Gramm.
644 937 674 999 1.
695 955 728 1020 p.
747 931 820 1002 184.

148 1086 178 1147 1.
208 1083 376 1165 Primitiva
398 1085 490 1149 notio
515 1082 611 1148 huius
658 1082 811 1149 articulare
833 1095 882 1149 est
903 1087 974 1164 ita,
996 1085 1036 1151 ad
1052 1088 1108 1153 iu-

58 1165 239 1232 dicandam
256 1171 522 1256 consequentiam
539 1106 714 1234 in'coiiatis
729 1168 856 1232 duobus
872 1171 1008 1236 iudiciis.
1041 1172 1108 1239 Re-

56 1252 198 1318 lativam
214 1255 281 1320 sive
301 1255 594 1322 demonstrativam
615 1275 767 1321 vocamus
792 1253 877 1318 hano
899 1258 984 1338 vim,
1003 1259 1108 1344 qualis
1178 1322 1181 1327 .

57 1349 203 1425 apparet
218 1340 253 1405 in
272 1340 302 1405 io
318 1341 436 1417 etita,
462 1360 599 1428 eamque
620 1339 811 1405 adhibemus
834 1340 875 1404 ad
896 1362 1108 1429 componen-

60 1423 143 1489 dam
163 1424 328 1491 rationein
353 1448 429 1491 oum
453 1449 513 1504 eo,
550 1425 641 1513 quod
679 1446 882 1512 consequens
905 1436 965 1492 est.
1021 1430 1108 1509 Nam

48 1511 243 1596 ,praemissa
259 1512 448 1576 conditione
475 1512 693 1585 anscausus,
716 1533 732 1572 a
759 1511 895 1592 odosin,
944 1532 1002 1575 uae
1028 1535 1109 1580 con·

57 1596 268 1680 sequentiam
282 1598 459 1695 exprimit,
480 1595 616 1661 format.
659 1532 758 1661 Cori.
768 1596 901 1660 Conteri
916 1535 1001 1661 iiov.
1016 1599 1107 1668 Leot.

58 1681 93 1759 4,
108 1685 164 1745 26.
206 1682 345 1748 Acidalri
357 1683 464 1748 Divin.
488 1682 523 1745 in
544 1680 651 1746 Plauti
671 1678 819 1767 Amphit.
841 1703 870 1748 o.
883 1685 914 1745 6.
952 1683 1109 1749 Germani

57 1764 204 1830 reddunt
220 1790 269 1831 so.
313 1767 357 1832 Et
380 1777 456 1832 sunt
481 1767 560 1831 oliae
584 1765 761 1843 dictiones,
784 1766 820 1829 in
843 1766 969 1851 quibus,
987 1769 1108 1857 igitur,

59 1870 141 1915 eum
155 1850 272 1916 futuro
290 1854 530 1939 compositum,
554 1852 817 1937 consequentiam
836 1850 1004 1937 significat.
1048 1853 1108 1919 Fe-

58 1945 131 2001 stus
147 1937 181 2002 id
198 1937 341 2023 explicat
359 1939 439 2003 adeo
456 1936 563 2003 verbis
576 1936 668 2014 inde,
687 1948 821 2022 posteo,
842 1948 926 2016 tum,
948 1940 1038 2025 quod
1054 1941 1109 2004 ui-

59 2022 171 2086 mium
190 2023 328 2089 videtur.
372 2024 459 2088 Eum
474 2032 585 2086 tamon
599 2034 756 2115 sequutqs
772 2031 822 2086 est
835 2022 962 2088 Nonius
979 2029 1018 2108 2,
1032 2028 1108 2098 456.

54 2108 95 2181 in
109 2109 314 2197 exponendo
330 2108 436 2174 Plauti
448 2109 535 2173 ioco.
730 2128 733 2133 ·
1045 2122 1048 2127 ’

164 2249 224 2310 Iaex
233 2250 287 2306 XII
305 2249 405 2323 Tahul.
426 2250 463 2303 sei
476 2249 503 2306 in
523 2250 564 2303 ius
585 2255 674 2312 vocnt,
693 2265 738 2303 nee
754 2247 777 2307 it
792 2248 951 2314 antiatotor,
967 2248 1052 2321 igitur
1070 2251 1108 2312 tna

130 2336 228 2404 cupito.
267 2334 356 2392 Pluut.
380 2331 635 2408 Amph.1‚1,55.
659 2330 722 2400 (59.)
739 2333 780 2385 sin
801 2333 877 2384 aliter
899 2334 964 2387 aient
987 2336 1107 2401 animati,

130 2437 212 2487 neque
229 2420 291 2472 dent
304 2437 371 2488 qnae
383 2427 467 2489 petat,
482 2436 534 2472 sese
551 2421 635 2489 igitur
649 2433 750 2470 sommo
763 2416 789 2467 vi
802 2417 912 2484 virisque
928 2436 1016 2471 eorum
1033 2422 1109 2490 eppi-

132 2506 198 2559 dum
215 2520 413 2579 expugaoaaere.
446 2504 569 2561 Lacttint.
587 2500 613 2565 6,
627 2500 671 2566 lu,
686 2497 729 2551 25.
747 2501 813 2566 qood
827 2501 891 2573 fieri
905 2503 929 2552 ai
948 2521 1001 2559 non
1016 2512 1108 2580 potant,
1224 2542 1229 2552 ,

132 2589 293 2640 retinendam
315 2596 353 2640 est
377 2588 462 2657 igitur
484 2589 553 2640 omni
579 2585 654 2638 morto
671 2583 799 2634 vineatum
822 2583 950 2636 societatis
971 2587 1108 2642 humanae.

132 2669 161 2737 6,
176 2669 202 2736 6,
216 2670 259 2723 28.
276 2672 299 2723 ai
312 2689 376 2740 ergo
390 2680 416 2724 et
436 2672 595 2741 philosophia
612 2671 725 2738 ipsorum
749 2667 904 2734 consessione
925 2669 1047 2737 adempto
1065 2688 1110 2723 en-

129 2757 229 2829 piontiu
240 2763 292 2821 eat,
311 2763 336 2809 et
355 2757 388 2808 iis
403 2758 447 2825 qui
463 2757 524 2809 insti
537 2755 620 2808 tabiit
633 2759 690 2805 sont
698 2751 826 2819 adempto
840 2750 942 2805 institia
958 2760 1005 2816 est,
1022 2772 1110 2808 onnes

134 2840 221 2911 igitar
235 2842 296 2893 ittae
308 2841 409 2895 virtutis
424 2841 608 2909 descriptiones
623 2837 712 2902 falsae
723 2837 777 2889 sint
790 2852 890 2889 neceam
903 2844 948 2893 est.
968 2835 994 2902 6,
1008 2838 1051 2906 1⁰,
1064 2838 1109 2901 22,

164 2941 255 3001 Pleni,
268 2943 332 2998 cus.
345 2942 371 3007 2,
386 2943 412 3008 2,
426 2941 468 3001 39,
486 2959 546 2999 mon
558 2941 646 3009 magis
659 2955 737 3006 quum
757 2939 839 2995 otium
858 2938 925 2997 uu'ht'
941 2948 967 3000 n
986 2943 1032 2995 titi
1050 2946 1110 3010 erit,

134 3026 225 3097 igitur
240 3034 323 3080 tecum
342 3031 441 3096 loquor.
474 3025 536 3085 Mil.
551 3025 579 3089 3,
594 3022 693 3088 1,1u.
711 3022 813 3090 quondo
829 3021 945 3090 habeto,
964 3028 1048 3096 igitar
1065 3047 1111 3082 ra-

101 3140 104 3149 ·
133 3113 231 3170 tionem
253 3130 368 3167 aneorum
383 3112 550 3180 fabricarunt
566 3111 641 3171 dabo.
675 3105 753 3164 cont.
777 3104 948 3168 Tuubmuuu.
974 3112 1010 3169 ed
1029 3114 1111 3174 Mart,

134 3194 263 3260 2‚1‚eo.

171 3299 263 3352 Plaut.
285 3298 388 3352 Bacch.
410 3295 537 3364 6,4,11.
563 3313 705 3366 numqaum
731 3295 823 3364 edepol
845 3293 905 3347 uiuo
920 3313 961 3350 nie
973 3298 1111 3357 irridebitt

135 3401 201 3437 nam
214 3385 280 3437 anitii
295 3386 420 3437 decretum
435 3391 471 3437 eet
483 3399 650 3435 renumerare
665 3382 720 3433 ion
734 3395 806 3435 omno
821 3396 916 3431 aurum
938 3385 1019 3450 patri.
1053 3386 1112 3456 tgr.

136 3476 181 3522 tur
203 3469 268 3520 anitii
288 3469 363 3521 inani
381 3476 457 3536 atque
480 3468 552 3534 inopi
571 3466 785 3519 subblandibitur.
817 3461 916 3531 Amph.
942 3466 972 3531 1,
994 3468 1026 3532 1,
1049 3469 1110 3531 146,

137 3547 222 3619 (160.)
243 3554 327 3620 igitur
341 3552 429 3621 magis
445 3551 549 3603 modurn
567 3552 595 3601 in
609 3551 736 3601 maiorem
749 3549 778 3599 in
792 3564 846 3598 aere
867 3549 989 3618 concipiet
1008 3563 1111 3618 meten,

136 3634 166 3688 in
183 3634 279 3703 quihus
293 3654 327 3690 uo
342 3637 429 3706 magis
447 3633 507 3686 siro
519 3635 596 3703 mogi
611 3632 723 3699 quideru
737 3631 896 3685 mutandum
911 3639 960 3689 est.

152 3775 184 3843 2.
221 3769 513 3850 Quemadmodum
542 3765 653 3854 igitur
682 3767 716 3831 in
760 3768 897 3855 apodoai
938 3784 1113 3865 usurpatur

64 3858 248 3946 praemissa
273 3856 432 3920 sententia
454 3852 685 3934 conditionali,
707 3853 752 3917 ita
775 3854 979 3922 contrahitur
995 3860 1111 3939 oratio,
1141 3909 1154 3915 -

67 3954 102 4006 et
125 3941 299 4028 participio
327 3941 538 4027 praecedente
562 3941 698 4027 ponitur
727 3939 887 4033 particule
922 3940 963 4011 ud
1002 3943 1111 4039 ipsum

67 4025 155 4101 illud
169 4026 376 4121 participium
392 4025 576 4101 reserenda.
