2632 4770
220 271 280 332 too
616 246 883 327 IAMDVDVM.

314 418 408 472 etant.
427 412 501 468 Asin.
519 411 547 480 0,
562 412 590 479 2,
603 411 650 467 40.
670 415 729 467 iubs
741 414 808 467 dm
822 414 927 467 ebrum
940 412 1095 471 mudum
1104 420 1272 486 factumest,

282 503 487 573 quamprimum
499 502 560 555 bebi.
581 497 701 565 uruat,
718 496 808 569 Mb)
827 497 853 551 ii.
871 499 1024 555 iamdudum
1032 506 1172 571 summat,
1189 516 1271 569 quum

283 590 362 642 abisti
376 589 460 641 dono.

300 728 333 789 t.
362 722 516 787 Notanda
535 731 583 787 est
606 722 756 809 negatio,
775 745 858 810 quae
881 722 970 788 inter
987 731 1162 806 utramque
1184 738 1264 817 par·

216 822 284 877 tem
302 810 392 875 verbi
408 810 633 895 interponitur
649 809 738 895 apud
754 811 967 889 Plaut.Poen.
988 815 1015 884 1,
1034 813 1066 887 2,
1088 808 1160 871 105.
1184 824 1261 891 quea

216 898 290 963 iam
305 918 375 961 non
391 893 522 959 dudum
541 905 623 959 ante
646 894 754 960 lucem
778 896 828 959 ad
850 894 971 959 aedem
998 890 1146 957 Veneris
1170 890 1260 977 veni-

216 1005 302 1059 mus.
347 1001 413 1067 quo
446 979 580 1065 quidem
612 978 831 1045 demonstrari
867 980 995 1055 licebit,
1034 989 1159 1045 veteres
1197 975 1255 1038 duo

217 1066 372 1132 vocabula
401 1065 545 1129 seiuncta
568 1066 748 1153 scripsisse.
797 1066 869 1131 Hoc
896 1064 1031 1153 quidem
1068 1070 1254 1149 argumento

215 1156 322 1217 utitur
346 1151 555 1215 lleiurichius
579 1150 612 1213 in
637 1148 838 1215 defendenda
862 1154 1023 1241 scriptura
1043 1148 1253 1213 diremtorunt

215 1236 393 1303 nominum
409 1258 463 1300 res
484 1234 645 1323 prtblica,
667 1236 724 1302 sed
739 1258 854 1301 vereor
869 1261 912 1301 ne
927 1257 1043 1325 parum
1063 1232 1213 1319 proficiat
1226 1232 1254 1294 iu

215 1320 448 1389 constituendo
473 1342 540 1385 uno
568 1320 689 1402 modo,
723 1322 779 1407 qui
803 1321 927 1407 vulgari
954 1342 1013 1385 usu
1037 1319 1161 1407 duplex
1185 1326 1287 1411 erat.t

214 1410 331 1496 Neque
345 1408 458 1493 negari
471 1407 597 1496 poterit
610 1414 733 1471 veteres
745 1404 882 1493 ¹quidem
901 1404 1079 1495 aliquando
1097 1404 1257 1493 scripsisse

215 1495 288 1561 ium
306 1492 457 1575 dudum,
478 1490 535 1557 sed
553 1512 622 1555 uon
639 1492 768 1557 diverso
786 1513 893 1583 sensu.

297 1615 329 1679 5.
351 1608 388 1675 ln
404 1611 443 1675 iis
462 1609 562 1689 locis,
583 1608 640 1673 ubi
655 1610 780 1674 librarii
806 1612 879 1676 iam
897 1610 1034 1676 dudum
1058 1619 1091 1674 et
1105 1608 1181 1673 iam
1200 1604 1265 1673 (litt

214 1707 518 1776 commutaverunt,
543 1696 641 1761 veluti
659 1696 746 1783 apud
766 1697 835 1761 Cic.
857 1698 901 1761 de
923 1698 988 1762 Off.
1013 1706 1041 1776 1,
1056 1699 1110 1774 40,
1127 1697 1199 1760 143.
1222 1693 1268 1755 de

214 1789 344 1851 Senect.
372 1788 402 1861 6,
428 1785 478 1845 18.
508 1783 731 1865 quaerendum
761 1794 830 1847 erat
853 1783 895 1848 de
919 1783 1122 1861 discrimine.
1170 1783 1270 1861 Quae

214 1867 427 1938 Gernhardus
454 1888 489 1951 p.
513 1870 566 1931 88.
592 1866 668 1931 libri
684 1867 753 1931 Cic.
776 1867 962 1941 deSenect.
978 1869 1079 1947 dixit,
1102 1888 1164 1951 ego
1189 1883 1271 1930 non

213 1958 291 2023 satis
314 1952 476 2036 intelligo.
519 1948 559 2015 In
582 1950 644 2015 itia
662 1953 860 2039 exprimitur
883 1954 954 2041 ipsa
976 1953 1070 2038 longi
1084 1949 1271 2041 -tempor'is

213 2039 423 2109 diuturnitssz
450 2057 517 2120 per
527 2036 657 2101 dudum
673 2051 781 2103 autem
797 2043 993 2119 terminatur
1008 2048 1075 2103 tem
1104 2061 1151 2114 us,
1167 2051 1274 2124 quast

212 2129 381 2191 dicamus:
415 2118 471 2183 diu
495 2142 598 2208 usque
623 2124 664 2189 ad
685 2123 751 2189 hoc
776 2135 922 2213 tempus,
945 2125 1019 2191 eine
1040 2062 1155 2189 apelle
1169 2123 1273 2189 etan·

211 2212 277 2287 sid.
289 2208 319 2271 T
322 2231 389 2271 om.
401 2212 432 2269 2.
450 2212 563 2292 patu.
582 2210 713 2274 eteonf.
724 2210 1147 2298 DoederliniSynomyma.
1165 2205 1272 2296 p,96.

212 2292 313 2359 Tum.
331 2299 362 2356 3.
407 2290 472 2356 Sed
490 2310 566 2358 usus
586 2316 655 2359 non
680 2318 812 2380 semper
836 2297 901 2361 hoc
924 2297 1101 2361 discrimen
1124 2294 1272 2384 spectat,

211 2378 273 2445 nisi
295 2376 384 2467 quod
404 2375 511 2445 verbis
532 2380 605 2445 ium
626 2380 687 2445 diu
701 2385 865 2447 maiorem
883 2381 949 2448 vim
965 2382 1091 2447 tribuit.

295 2504 324 2562 0.
347 2497 447 2579 Quod
465 2498 498 2562 in
516 2510 722 2565 comicorum
738 2503 887 2565 oratione
905 2498 1168 2580 observavimus,
1182 2496 1269 2561 eit!-

210 2578 292 2647 dum
309 2587 405 2649 etiam
427 2585 466 2648 de
489 2587 642 2672 proximo
667 2598 818 2673 tempore
842 2587 995 2672 usurpari
1015 2587 1093 2672 (vid.
1107 2587 1207 2649 Turn.
1233 2579 1268 2639 2·

236 2671 378 2755 .302.),
405 2668 438 2732 id
462 2683 580 2756 poetae
604 2670 721 2757 reliqui
746 2672 784 2735 ad
802 2670 1004 2735 iamdudum
1025 2673 1069 2735 ita
1084 2671 1269 2736 transfere·
1309 2740 1312 2753 1

184 2691 308 2827 dant,
332 2765 368 2819 ut
388 2754 609 2842 significarent
632 2754 704 2820 iam
729 2754 848 2832 modo,
880 2779 952 2820 narn
983 2756 1082 2835 eben,
1112 2759 1268 2821 maxim⁰

209 2838 243 2904 in
264 2842 412 2905 oratione
429 2840 635 2904 adhortante.
678 2842 789 2920 Quare
814 2840 1018 2905 iamdudum
1041 2840 1267 2929 componitur

211 2945 284 2988 curn
311 2926 505 3012 imperativo
534 2936 565 2988 ct
587 2947 662 2988 cum
687 2924 907 2991 coniunctim.
952 2926 999 2991 Cf.
1025 2926 1120 2991 Laur.
1145 2926 1266 2991 Vallufl

209 3012 357 3098 Eleguut.
376 3017 405 3085 2,
424 3014 477 3074 st.
520 3011 634 3095 Neque
656 3012 845 3095 proximum
863 3023 911 3076 est,
924 3021 1067 3097 tempus,
1088 3013 1177 3101 quod
1193 3008 1264 3076 000

208 3096 278 3185 ipsa
293 3096 452 3185 particula
467 3105 619 3171 notatur,
637 3096 693 3159 sed
711 3096 864 3160 definitur
879 3098 1073 3162 distinctius.

312 3213 539 3285 t'irgil.Aen.2‚
555 3212 614 3270 103.
640 3218 793 3271 iamdudum
816 3218 909 3271 sumite
928 3236 1036 3287 poenae.
1071 3216 1187 3271 Servius
1209 3229 1263 3271 εκ·

274 3300 376 3368 plicat:
410 3317 488 3367 qnam
507 3300 638 3368 primum,
665 3302 758 3356 modos
791 3300 912 3371 itemque
939 3302 1059 3355 Donatus
1084 3304 1119 3355 nd
1143 3300 1261 3357 Torani·

275 3384 358 3437 Andr.
381 3380 447 3448 1‚4‚
463 3383 489 3435 1.
523 3384 601 3435 eant.
617 3384 789 3439 Sitzmunnus
811 3386 845 3439 ud
867 3387 965 3440 Boeth.
984 3404 1010 3455 p.
1027 3385 1086 3443 164.
1120 3388 1261 3441 Burman·

274 3484 324 3520 nus
341 3472 433 3519 nutem
449 3464 584 3535 originem
596 3468 721 3525 dictioni.
736 3468 887 3541 quoerit'in
900 3478 1079 3525 transmutata
1103 3474 1259 3525 sententiat

273 3552 353 3618 quasi
368 3549 510 3603 dicendum
525 3551 639 3605 fuisset:
667 3551 825 3608 iamdudum
849 3572 956 3608 sumere
982 3557 1121 3609 debebatis
1145 3571 1258 3624 poenes·

274 3634 455 3687 Doederlinus
469 3636 578 3704 ellipsin
592 3637 686 3691 statuit
701 3642 796 3706 plenae
812 3640 955 3693 orationis:
974 3642 1131 3695 iamdudum
1145 3659 1258 3695 sumen*

273 3720 322 3771 das
338 3720 437 3772 sumito
454 3736 571 3786 poenus:
592 3724 663 3789 quod
686 3740 739 3776 non
761 3731 851 3792 potest
873 3722 1026 3794 approbari.
1061 3727 1256 3780 Broulrltusiuo·

274 3802 309 3856 stt
328 3802 431 3856 Tibull.
447 3804 473 3869 3,
490 3805 515 3870 tr,
534 3806 578 3858 03.
595 3806 686 3860 omniu
704 3809 761 3862 aliu
777 3809 881 3861 miscet.

309 3906 389 3960 Ovid.
404 3906 471 3959 Met.
488 3906 605 3969 11,·lS2.
631 3913 714 3961 antara
737 3910 887 3963 iamdudum
902 3914 1024 3966 demittite
1041 3927 1154 3977 cornua,
1171 3921 1256 3965 rector

272 3990 377 4043 clamat.
401 3994 448 4044 ubi
475 3994 587 4045 Iahnius
610 3994 737 4061 coniungi
759 3996 837 4048 malit
861 3998 946 4047 verbu
969 3998 1121 4049 iamdudum
1145 3997 1255 4048 clamat.

272 4074 341 4129 Stat.
359 4077 447 4133 Theb.
467 4080 500 4144 1,
517 4079 577 4130 270.
603 4080 755 4130 iuutdudum
777 4082 811 4130 ub
835 4084 935 4135 sedibus
957 4083 1010 4132 iliis
1030 4082 1120 4149 incipe.
1156 4078 1255 4134 Sencc.
