2632 4770
639 197 818 280 susam

284 357 372 427 placet
395 369 446 406 asse
461 353 593 406 Carneadi
614 369 715 423 genera
735 353 863 403 uisurum:
880 349 908 399 in
930 363 981 399 uno
1003 346 1072 399 banc
1093 343 1265 396 divisionem:

214 492 217 497 .
284 441 342 493 alia
361 439 494 502 uisaesse,
513 455 578 506 quas
596 437 693 507 percipi
708 435 821 503 possint.-
838 432 907 495 alia,
933 446 1001 498 quae
1019 446 1071 480 non
1085 428 1213 497 possint:
1240 427 1266 478 in

284 524 367 577 utum
391 528 495 574 autems
526 521 582 574 aliu
601 523 659 572 oisa
680 536 732 571 esse
752 515 913 585 probabilia,
946 515 1002 566 alia
1027 531 1080 565 nun
1104 513 1268 581 probabilia.

287 607 376 674 itaque
395 623 461 674 quae
473 614 566 659 ecculm
584 622 671 657 sensus
691 610 826 667 contraque
844 598 1056 668 perspicuitatem
1076 598 1215 660 dicantur,
1236 613 1269 648 ea

276 691 409 760 'pertinere
422 690 458 741 nd
471 692 625 758 superiorem
641 687 806 740 diuisionem:
824 688 916 735 contra
932 683 1095 750 posteriorem
1116 680 1190 732 nibil
1216 679 1270 731 dici

286 779 413 840 oportere·
453 771 567 838 Quintil.
588 769 615 836 5,
634 771 678 832 13,
696 767 739 820 14.
764 764 892 836 expositis
912 763 964 829 iis,
989 781 1059 832 quiae
1083 763 1110 815 in
1135 762 1270 832 pluribus

288 845 367 906 simui
390 855 580 923 aggrediendis
602 862 629 907 et
651 853 680 906 in
703 849 862 907 amoliendis
883 848 996 918 singulis
1018 853 1166 916 praestent,
1192 846 1273 901 addit

191 950 195 959 ·
285 937 371 990 haec:
391 932 477 1007 itaque
491 939 632 1008 propositio
649 955 746 1013 quoquc
759 937 896 991 acuendum
918 935 988 987 banc
1003 933 1145 987 utilitatem
1161 949 1271 984 accam·

286 1022 448 1087 mutabitur,
478 1030 508 1075 ut
529 1039 596 1075 nuuc
620 1022 729 1090 singula
757 1021 936 1084 ostendamus,
963 1035 1031 1070 nuno
1061 1018 1291 1085 complectamur·

271 1107 414 1181 ,urinum
450 1106 526 1158 curt.
536 1092 566 1171 a,
582 1103 609 1170 2,
625 1101 667 1156 lt.
684 1113 738 1164 erat
752 1105 833 1158 Duria
848 1104 911 1157 mite
918 1121 950 1156 ac
965 1104 1102 1155 tractabile
1114 1102 1269 1171 ingenium,

286 1190 340 1242 nui
352 1207 428 1243 suum
440 1197 564 1243 naturum
576 1189 724 1258 pla-umque
731 1191 845 1257 fortuna
865 1195 1048 1256 corrumperet.
1083 1187 1175 1253 ltaque
1197 1187 1270 1239 ueri·

287 1274 349 1325 tatis
362 1272 507 1342 impatiens,
523 1274 651 1343 bospilem
664 1290 696 1325 ac
709 1260 849 1345 applicem
865 1298 900 1312 -
918 1272 1035 1325 abstrabi
1050 1271 1125 1326 iussit
1141 1272 1177 1324 ad
1191 1270 1269 1341 capi-

289 1357 342 1409 tale
362 1357 525 1427 supplicium.

272 1517 277 1535 ι
303 1482 336 1542 t.
357 1477 478 1544 Eadem
505 1501 615 1543 caussa
639 1479 686 1544 ibi
707 1487 858 1567 apparet,
880 1476 937 1542 ubi
961 1476 1001 1540 nli
1114 1476 1269 1563 emplum

75 1600 79 1607 ι
155 1624 161 1637 ,
211 1556 517 1644 ,demonstrationi,
539 1563 881 1666 alipdfflpffintm
904 1571 1099 1650 argumento
1121 1585 1140 1626 a
1165 1563 1268 1644 ditur,

221 1647 410 1743 cqntinuala
424 1649 645 1739 conclusione.

324 1766 380 1821 cic.
396 1770 478 1822 Acad.
491 1769 519 1833 2,
535 1769 579 1834 25,
594 1768 637 1821 ib.
661 1785 690 1821 eo
704 1769 772 1822 enim
787 1786 842 1822 rem
862 1769 975 1821 demittit
989 1767 1129 1836 Epicurus,
1153 1767 1177 1819 si
1198 1782 1268 1818 unus

285 1866 371 1904 manus
390 1857 467 1906 semel
481 1857 508 1906 in
525 1857 579 1907 uita
599 1855 717 1906 mesrtitus
738 1855 781 1918 sit,
803 1854 871 1906 nulli
883 1868 1006 1920 umquam
1024 1868 1076 1902 esse
1099 1850 1266 1902 credendum.

288 1934 348 1987 Hoc
376 1944 413 1989 est
434 1939 559 2004 confidere
578 1938 632 1990 suis
657 1937 811 1989 testibus'et
837 1938 981 2005 importune
1001 1935 1128 1985 insistere.
1170 1933 1267 2002 Itaque

291 2018 447 2089 timagorae
461 2022 605 2089 Epicureus
621 2027 706 2089 surgat
720 2021 770 2072 sibi
785 2037 917 2089 umquam,
932 2036 1009 2086 quum
1024 2007 1124 2069 oculum
1140 2021 1267 2083 torsisset,

289 2102 356 2154 duas
376 2119 407 2155 es
427 2105 531 2155 lucerna
544 2105 698 2170 flammulas
721 2121 774 2159 csse
794 2105 867 2156 nnus.
893 2101 912 2154 i.
929 2119 952 2156 e.
973 2107 1025 2171 aus
1044 2102 1145 2170 gleicbe
1169 2103 1266 2155 Weiss.

289 2184 323 2237 cle
336 2184 396 2238 Fin.
412 2186 439 2251 2,
454 2186 496 2252 lb,
513 2187 565 2240 82..
575 2206 622 2240 neo
634 2195 723 2257 tamen
739 2195 922 2256 argumentum
940 2187 986 2238 boc
1001 2187 1129 2253 Epicurus
1144 2202 1162 2236 a
1173 2187 1268 2254 paruis

186 2285 190 2290 ’
285 2269 398 2338 petiuit,
417 2279 465 2323 aut
484 2272 562 2324 enum
582 2262 703 2331 u'bestiis
724 2297 773 2334 -‚
792 2277 821 2323 ut
842 2272 935 2323 eliceret
961 2271 995 2322 ab
1022 2269 1064 2320 bis
1080 2269 1267 2338 duce-natura

288 2352 357 2404 banc
375 2355 532 2424 uoluptatem
549 2357 631 2424 capeti
652 2356 718 2408 nibil
739 2355 850 2409 dolendi·
886 2353 975 2422 Neque
997 2352 1062 2405 caim
1081 2354 1144 2404 baec
1165 2370 1269 2407 movere

286 2441 372 2504 polest
385 2439 525 2507 appetitum
539 2441 621 2492 animi
627 2459 636 2492 s
653 2456 699 2491 uec
720 2440 802 2490 ullum
822 2438 896 2489 babet
919 2438 1011 2499 ictam,
1032 2454 1080 2504 qao
1100 2437 1187 2504 pellat
1210 2438 1269 2488 cni-

288 2535 360 2572 muas
375 2529 459 2575 natus
473 2524 516 2575 bic
529 2525 705 2582 amiciendi.
739 2525 830 2589 ltaque
845 2523 874 2573 in
892 2522 939 2572 boc
960 2521 1044 2571 eodem
1060 2527 1150 2588 peccat
1170 2520 1269 2571 Hiero-

235 2614 253 2645 ι·
288 2619 387 2671 aymus.
406 2605 425 2656 i.
439 2624 464 2660 e.
484 2607 550 2659 item
566 2608 750 2676 Hieronymus
774 2611 869 2672 peccat
888 2620 1022 2656 summum
1044 2603 1146 2653 bonum
1165 2600 1196 2653 in
1214 2619 1269 2655 non

289 2685 402 2741 dolendo
419 2707 530 2757 ponens.
563 2691 589 2756 2,
605 2690 688 2755 4,11.
706 2692 796 2758 itaque
811 2690 857 2741 boc
868 2691 1021 2755 frequenter
1037 2687 1089 2738 dici
1102 2686 1169 2761 salet
1184 2703 1203 2737 a
1222 2705 1269 2738 ao·

288 2769 334 2836 bis,
349 2790 400 2825 non
408 2774 552 2845 intelligere
559 2793 613 2839 nos,
621 2794 697 2844 quam
711 2776 782 2827 dicat
790 2774 920 2842 Epicurus
929 2773 1094 2841 uoluptatem.
1110 2771 1191 2822 Haec
1200 2771 1268 2823 red·

289 2852 317 2906 di
330 2856 431 2913 debent
447 2864 498 2927 auf
509 2859 609 2929 gleicbc
627 2860 721 2912 Weiss.
755 2859 788 2910 sle
813 2856 876 2909 Nat.
897 2856 923 2906 d.
945 2853 1028 2919 1,31,
1042 2850 1085 2905 85.
1103 2855 1177 2906 uideo
1199 2872 1268 2907 non·

289 2941 369 2994 nullis
382 2945 475 3009 uideri,
493 2943 641 3011 Epicurum,
665 2960 697 2994 ne
711 2944 740 2994 in
753 2943 919 3010 offersionem
932 2939 1126 2993 Atheniensium
1151 2939 1268 3002 caderet,

288 3027 373 3079 verbis
387 3027 516 3096 reliquisse
532 3027 608 3090 deos,
632 3043 660 3079 re
682 3027 821 3079 sustulisse.
855 3014 946 3093 ltaque
967 3024 996 3075 in
1019 3023 1071 3073 illis
1093 3024 1192 3074 selectis
1213 3024 1268 3075 eius

289 3109 453 3178 navibusque
470 3109 606 3173 sententiis,
629 3127 694 3177 quos
713 3111 851 3179 appellatis
875 3106 974 3175 nuptus
998 3102 1100 3169 δόξας,
1131 3106 1213 3169 baec,
1238 3112 1268 3159 ut

288 3193 395 3261 opinor,
411 3194 498 3262 prima
518 3193 643 3246 sententia
662 3202 714 3246 est.-
738 3195 805 3262 quosl
821 3198 872 3245 etc.
905 3188 1017 3254 critici,
1032 3188 1078 3255 qui
1093 3189 1180 3256 itaque
1202 3205 1268 3240 con·

288 3273 416 3328 clusionis
439 3274 601 3343 particulam
620 3293 679 3329 esse
703 3277 907 3341 existimarunt,
935 3272 1108 3338 nesciebant,
1127 3290 1181 3340 quo
1204 3289 1268 3325 eam

288 3360 440 3422 referrent,
458 3376 508 3412 nec
525 3360 657 3431 quomodo
674 3358 797 3427 proxima
811 3362 897 3412 verba
919 3365 1111 3413 annecterent:
1128 3358 1199 3409 unde
1216 3374 1268 3408 na-

289 3447 335 3494 tae
348 3449 410 3495 sunt
425 3441 535 3512 ineptae
557 3444 704 3512 opiniones.
738 3445 774 3497 At
788 3447 875 3513 itaque
891 3442 1009 3497 traducit
1025 3443 1058 3493 ad
1079 3441 1153 3493 aliud
1172 3455 1262 3492 exem-

287 3526 364 3592 plum
381 3528 585 3599 ambiguitatis,
608 3546 662 3598 qua
676 3528 809 3597 Epicurus
824 3547 888 3583 usus
903 3545 961 3580 esse
977 3527 1130 3579 videbatur.

305 3648 337 3711 5.
360 3647 625 3734 supradiximus
650 3652 764 3738 itaque
780 3651 861 3738 poni
885 3672 947 3737 pro
965 3661 1063 3734 atque
1086 3648 1149 3712 ita.
1191 3646 1270 3710 Hos

221 3730 309 3816 apud
325 3730 542 3821 philosophos
558 3737 592 3798 in
611 3757 685 3800 eum
702 3737 839 3800 modum
856 3744 1049 3820 usurpatur,
1068 3745 1104 3794 ut
1125 3730 1271 3816 copula-

220 3819 288 3882 tiva
304 3819 351 3880 vis
368 3820 546 3904 particulae
566 3834 734 3885 evanescat
750 3833 782 3886 et
796 3842 860 3884 una
881 3829 1009 3883 maneat
1023 3827 1085 3905 pot
1104 3827 1271 3904 SlfflQl:

221 3901 371 3980 linuanffi
395 3915 525 3970 etcum
551 3905 621 3970 aliis
644 3905 869 3994 comparandi.
920 3841 1150 3984 Quomoiiens
1171 3924 1273 3990 saepe

191 4050 196 4071 ,
220 3985 309 4054 idem
327 3999 378 4056 est
394 3988 537 4085 quatiat
558 4012 617 4076 ue,
640 3993 731 4059 cuius
750 3992 796 4060 vis
811 3989 970 4078 aequandi
986 4011 1005 4054 u
1022 3987 1119 4052 nobis
1136 3997 1188 4051 est
1206 3986 1270 4052 de·
1291 4058 1298 4070 ,
