2632 4770
185 276 249 343 ern
636 240 780 331 MODO.
810 263 814 274 '

190 406 321 497 Amedit
335 446 435 500 vero,
458 421 547 510 quod
567 440 709 497 nomen,
734 416 787 481 cui
802 412 982 482 adiicienda
1004 427 1055 483 eet
1073 418 1254 508 particula,

192 515 358 581 omittitur
373 521 404 574 et
419 508 519 572 morlo
540 507 641 570 vicem
658 503 779 567 omissi
791 500 921 589 explet,
943 503 1044 573 sicuti
1060 506 1174 575 niodo
1195 531 1254 596 pro

191 622 282 666 nunc
296 597 399 663 modo
415 604 446 659 et
460 616 524 682 pro
542 589 687 655 simodo
707 588 853 677 ponitur.
872 676 875 681 Ι
1101 614 1104 619 ·
1139 614 1142 619 -

278 747 454 834 Multiplex
477 755 526 809 est
544 765 639 821 usuc,
660 764 726 806 una
742 752 854 804 tamea
877 741 1060 828 particulae
1083 740 1257 834 significa·

196 840 265 914 tio,
289 857 385 922 quam
403 832 593 918 primariam
611 849 804 915 comparare
826 848 1001 914 possumus
1020 850 1107 894 cum
1127 855 1258 919 germe-

197 924 273 987 nico
295 914 612 1005 gewiesermascen:
635 915 668 978 in
692 913 822 998 reliquo
850 933 911 976 usu
936 923 988 977 aut
1016 937 1082 999 per
1110 941 1184 989 nur
1209 929 1259 982 aut

197 1016 260 1094 p‘er
285 1004 366 1068 eben
390 1002 569 1066 reddimus.
612 1000 681 1062 Nos
709 1020 787 1062 vero
814 998 848 1060 in
873 996 1066 1064 ordinandis
1096 1006 1259 1091 exemplis

200 1092 267 1156 duo
284 1110 402 1173 genera
417 1089 665 1165 constituamus,
687 1104 830 1171 quorum
849 1083 987 1149 alterum
1003 1095 1150 1174 tempus
1168 1110 1259 1154 com-

192 1172 372 1265 ¹plectitur,
392 1174 530 1236 alterum
548 1171 624 1235 alias
640 1193 691 1235 res
706 1166 914 1234 definiendus.
957 1166 1127 1237 Ceterum
1145 1175 1182 1238 in
1200 1175 1258 1238 hoc

199 1259 355 1329 adverbio
384 1257 502 1322 indicia
535 1255 745 1332 substantivi,
778 1253 828 1321 cui
860 1254 1023 1404 orifiiuem
1060 1257 1191 1338 debet,
1220 1261 1258 1325 ita

200 1355 421 1413 evanuerunt,
449 1354 484 1406 ut
504 1342 619 1406 Cicero
645 1341 752 1404 dicere
777 1349 891 1427 posset
938 1340 1054 1407 eDiv.
1083 1349 1120 1427 2,
1137 1346 1196 1431 4¹4,
1211 1352 1257 1412 93.

200 1433 328 1497 coelum
345 1428 446 1494 rrroclo
460 1431 542 1503 lucc,
567 1424 668 1490 modo
687 1425 747 1490 illo
763 1424 865 1491 modo
881 1435 1114 1513 temperatur.
1161 1430 1165 1443 '

285 1584 312 1650 Ι.
349 1589 378 1646 1.
400 1579 539 1657 Modus,
560 1599 626 1663 quo
646 1575 725 1641 haec
740 1577 900 1663 particule
914 1578 1059 1667 aliquam
1078 1580 1256 1648 notionem

191 1670 389 1817 restrinfit,
407 1665 552 1766 primum
570 1665 604 1726 in
620 1685 659 1725 co
680 1666 842 1740 cernitur,
866 1665 956 1750 quod
979 1686 1032 1729 res
1049 1667 1098 1730 cb
1117 1668 1257 1736 eliis're-

205 1755 266 1822 bue
288 1776 324 1819 ve
358 1751 536 1817 meroribus
551 1748 598 1812 vel
618 1746 750 1813 diversis
773 1748 999 1837 distinguitur,
1022 1754 1156 1843 etipsa
1174 1757 1209 1819 in
1230 1779 1258 1820 se

204 1851 381 1929 spectatur.
425 1836 497 1900 Hoc
519 1835 656 1898 dicimus
674 1831 754 1897 nihil
770 1834 963 1908 aliudesse,
984 1836 1108 1902 nichtc
1130 1840 1256 1911 weiter.

203 1916 314 1992 nicta
342 1922 504 1993 anderen,
545 1919 643 2004 idque
672 1919 768 1983 etiem
807 1921 1007 2008 exprimitur
1040 1925 1155 1991 verba
1188 1950 1257 1991 mer.

204 2007 418 2076 Grammatici
442 2005 553 2067 omniu
578 2024 644 2067 uno
669 2004 805 2070 nominc
832 2003 1169 2092 comprehendentes
1201 2014 1257 2076 do-

206 2106 298 2172 cent,
326 2090 427 2155 ruodo
450 2111 520 2152 esse
543 2088 798 2165 tantummodo,
830 2101 863 2154 et
884 2102 1009 2156 temere
1031 2096 1189 2162 miscent
1212 2099 1257 2163 di·

205 2201 307 2267 rersa.
340 2177 391 2239 vd.
406 2174 571 2238 Drakenb.
585 2176 622 2237 ad
642 2172 710 2240 Liv.
727 2180 758 2255 8,
775 2177 828 2252 53,
842 2181 875 2241 6.

306 2296 366 2348 liv.
381 2293 408 2358 l,
422 2293 448 2358 2,
464 2293 489 2346 3.
508 2311 569 2346 nam
580 2294 641 2346 circi
656 2297 731 2347 moda
744 2295 915 2366 spectaculum
925 2301 1028 2364 fruct
1054 2295 1121 2370 Qic.
1137 2302 1176 2356 ad
1189 2304 1256 2358 Fam.

172 2423 187 2445 s
281 2378 508 2446 tt,13(12),1t.
534 2381 578 2431 ced
597 2386 634 2431 eet
656 2397 736 2431 unum
757 2380 912 2449 perfugium
938 2381 1061 2465 doctrina
1087 2402 1123 2439 ω
1146 2390 1254 2455 litterae,

251 2467 363 2534 »quibus
386 2482 483 2532 semper
500 2464 540 2515 uei
562 2479 664 2515 eumue:
684 2481 747 2530 quae
762 2464 879 2515 recundir
897 2465 973 2517 retur
987 2467 1194 2526 delectationem
1211 2492 1254 2527 nn

274 2552 308 2603 ‹la
324 2549 590 2610 intercolumnium,
608 2565 677 2598 nunc
691 2564 747 2598 uera
762 2547 840 2598 etium
855 2547 972 2600 rulutem.
1008 2548 1090 2609 Cart.
1110 2554 1139 2622 4,
1158 2559 1202 2623 13,
1221 2558 1254 2610 ll.

273 2651 318 2684 nec
339 2635 423 2702 ipsum
444 2635 531 2685 ducem
555 2632 681 2683 saniorem
701 2646 770 2682 ease:
787 2631 882 2699 qnippe
905 2632 959 2683 ritu
977 2637 1109 2698 serarum
1129 2646 1252 2711 praedam

273 2718 363 2781 moda,
384 2734 460 2785 qrrnm
475 2723 614 2785 expeteret,
633 2717 789 2778 intuentem,
808 2716 837 2765 in
851 2716 1001 2783 perniciem,
1019 2737 1091 2788 qrrue
1108 2735 1173 2780 aute
1186 2746 1252 2796 pruc-

275 2803 336 2852 dum
349 2803 436 2869 posita
451 2811 528 2865 creet,
544 2802 682 2852 incurrere.
717 2798 777 2851 Liv.
792 2800 818 2864 6,
834 2797 915 2864 tut.
934 2803 978 2868 qui
995 2806 1075 2867 mado
1098 2826 1142 2862 me
1165 2812 1252 2863 duatus

237 2888 241 2895 '
274 2886 394 2952 ingenuis
407 2891 491 2935 ortum
507 2893 530 2937 et
544 2885 626 2936 uiuere
642 2885 670 2936 iu
689 2887 772 2938 libera
789 2886 893 2939 civitate
905 2888 995 2939 eciam.
1013 2886 1031 2940 i.
1046 2906 1076 2944 ο.
1098 2892 1190 2948 niente
1202 2897 1252 2947 wei-

273 2977 316 3021 ter
331 2970 371 3019 ulr
387 2986 436 3020 ven
445 2969 530 3033 freicn
545 2968 649 3020 Aeltern
663 2967 781 3038 gedorem

309 3068 369 3122 Liv.
379 3068 405 3132 9,
419 3069 445 3133 8,
462 3069 504 3120 13.
523 3088 600 3137 quum
617 3088 718 3134 omnm,
737 3070 857 3123 laudibus
877 3074 952 3127 modo
963 3086 1152 3144 prosequenter
1165 3082 1249 3133 uirum.

274 3154 472 3208 inuenientium
487 3154 540 3204 ciue
553 3155 657 3220 pedibus
671 3156 754 3218 irent,
774 3162 875 3208 tentata
888 3154 1034 3226 paullirper
1046 3160 1203 3217 intercessio
1220 3171 1249 3216 ert

272 3241 305 3292 ab
320 3237 433 3290 Insteio
447 3247 472 3290 et
487 3239 518 3302 Q.
532 3238 637 3289 Maelio.
655 3238 682 3288 h.
698 3255 721 3289 c.
737 3237 890 3292 nihitatiud
906 3248 1029 3311 ugentes,
1045 3262 1136 3313 quum
1151 3254 1183 3302 ut
1198 3249 1248 3300 luu-

273 3322 354 3379 dibu·
376 3321 466 3373 virum
489 3326 724 3388 prosequerentur.
765 3320 810 3388 32,
825 3324 869 3388 21,
886 3323 911 3378 8.
936 3324 1094 3395 tiramni,
1119 3349 1166 3385 cur
1181 3333 1248 3398 disfi-

272 3407 359 3460 denter
376 3406 525 3459 Cleomedon
542 3407 648 3472 legatus
666 3407 796 3474 Philippi,
820 3415 851 3459 ut
865 3425 913 3477 pm
932 3426 995 3478 rege
1009 3429 1094 3466 arma
1109 3431 1245 3488 capererur

268 3493 392 3543 adversm
408 3490 555 3553 Romanoa,
573 3490 647 3541 modo
662 3490 754 3559 egerit.
772 3490 790 3542 i.
805 3508 829 3544 e.
849 3492 920 3545 nihil
945 3492 1021 3546 alind
1035 3499 1149 3565 egerit,
1170 3513 1243 3568 quum

221 3604 227 3613 ·
270 3579 301 3626 nt
316 3582 367 3628 ete.
401 3574 470 3627 Nem
486 3573 520 3627 ud
537 3582 642 3642 tempus
661 3575 777 3628 relatum
793 3574 900 3631 inanem
914 3579 1028 3646 praebet
1045 3598 1172 3640 aeneum.

282 3712 313 3774 2.
335 3709 417 3774 Item
441 3711 578 3792 dicitur,
600 3711 657 3775 ubi
679 3711 800 3798 aliquid
825 3733 887 3799 per
910 3736 944 3776 se
967 3714 1055 3780 velet
1080 3730 1140 3785 unt
1164 3723 1198 3786 iu
1220 3740 1249 3780 se

200 3795 442 3894 concideretur:
465 3796 557 3883 quod
578 3798 736 3862 Germani
761 3798 875 3905 dicunt
888 3795 955 3886 siit
977 3800 1074 3886 ricla,
1099 3829 1150 3872 aa
1173 3806 1249 3873 cicli,

199 3902 248 3946 an
260 3882 333 3945 ecclc
348 3878 543 3946 betraclrtet.
982 3906 984 3910 ·

301 3999 414 4054 Sallust.
428 4002 487 4070 lug.
502 3998 546 4064 75,
558 3998 583 4050 i.
600 4002 692 4053 deinde
706 4002 752 4053 uli
766 4003 802 4054 ad
815 4003 844 4056 td
859 4003 910 4055 leci
921 4011 1040 4071 ventum,
1060 4025 1116 4077 quo
1133 4008 1250 4063 Numidis

259 4093 444 4156 praeceperat,
464 4092 540 4141 tanta
555 4093 659 4153 repente
673 4086 741 4138 coelo
763 4087 844 4144 mictu
863 4089 901 4142 uir
923 4105 1008 4157 aquae
1031 4090 1151 4159 dictur,
1181 4101 1209 4148 ut
1224 4109 1249 4146 ca
