2632 4770
504 265 659 335 quen
1014 253 1108 347 ’,000
1197 301 1203 311 «

116 427 152 482 ad
162 425 226 480 ‘stt
242 423 286 489 10,
304 421 331 477 4.
350 423 486 495 egoenim
499 426 538 478 od
549 441 609 478 euin
625 423 747 489 scribam,
766 430 797 478 ut
818 425 873 497 ipse
885 427 962 493 00100,
980 427 1060 480 (1000
1079 446 1109 482 re

82 526 84 530 ’
113 530 161 564 nos
180 512 249 563 inter
270 527 317 562 aas
341 509 466 578 loquutus.
502 510 540 562 de
559 509 622 562 Nat.
646 508 672 561 d.
696 508 728 574 1,
745 507 797 574 26,
812 509 855 561 71.
879 513 928 577 boc
948 513 1107 578 mirabilius,
1165 566 1169 589 ,
1216 571 1219 576 ,

15 630 19 637 -
116 580 1108 666 90000010000010000001000010.Μῑιαιίῑιοωοηοιουι
1171 590 1172 595 ¹

115 682 180 734 vide
197 679 269 746 apud
287 680 425 731 Goerenu.
440 681 475 733 ad
490 679 547 731 Cic.
567 677 650 730 dead.
667 677 694 729 2.
712 677 739 746 p.
756 676 801 730 96.
1093 681 1095 686 ’
1275 666 1278 679 '

152 783 210 837 Cic.
227 784 261 834 de
273 783 333 838 eff.
349 783 374 847 1,
391 781 434 847 16,
450 781 493 834 50.
510 783 564 835 eius
580 789 667 835 autem
682 781 810 834 vinculum
825 789 861 834 est
876 782 943 834 ratio
961 790 986 835 et
1011 786 1113 853 oratia,'

115 886 180 938 quae
199 869 333 930 docendo,
349 868 563 921 communicando
582 867 753 920 -conciliat
772 867 843 920 inter
858 884 885 921 ee
907 867 1023 921 domines
1045 890 1107 923 coa·

114 954 254 1022 iungitque
270 954 387 1004 naturali
401 954 519 1022 quadarn
532 952 658 1003 societate.

153 1055 270 1118 Graeci,
288 1059 320 1106 ut
341 1061 465 1121 constat,
485 1053 589 1109 {aaroni
606 1070 655 1121 pro
673 1047 798 1119 ἐμαυτοῦ
813 1052 951 1107 interdum
973 1056 1107 1113 dixerunt.

44 1145 64 1206 ξ,
115 1140 181 1193 vide
199 1140 336 1192 Matthiae
353 1140 478 1203 Gramm.
497 1158 524 1207 p.
539 1137 600 1191 920.
640 1138 673 1190 Id
696 1135 877 1189 recentissimi
899 1140 1047 1209 scriptores
1064 1143 1108 1195 la-

117 1225 169 1279 tini
186 1224 270 1277 etiam
286 1223 387 1277 imitati
410 1228 482 1276 sunt.
516 1225 620 1278 Minnc.
645 1223 706 1275 Fel.
729 1221 771 1273 18.
785 1223 880 1275 similes
902 1226 1013 1279 universi
1032 1229 1108 1279 oide-

114 1327 174 1362 rnur
188 1318 213 1361 et
231 1311 297 1363 inter
317 1327 344 1362 se
365 1311 479 1379 singulis
501 1310 639 1361 dissimiles
662 1308 817 1359 invenimur.
859 1308 938 1375 Quae
959 1313 1107 1389 Wopkens.

117 1394 147 1446 in
168 1395 248 1447 Misc.
274 1393 389 1449 Observ.
415 1394 450 1446 Τ.
472 1393 515 1446 10.
541 1412 569 1463 p.
589 1390 632 1444 31.
660 1396 817 1459 comparet,
848 1391 953 1446 diversi
973 1396 1035 1450 sunt
1058 1414 1109 1465 ge-

116 1498 200 1532 neris.
241 1518 243 1525 .
862 1497 865 1501 ’

152 1583 223 1634 Cum
239 1580 417 1635 substantivis
434 1578 639 1650 coniunguntur
652 1579 719 1632 inter
733 1597 774 1633 se.-
799 1579 855 1633 cie.
872 1565 906 1632 di
916 1576 978 1634 Fiu.
992 1581 1017 1646 1,
1028 1577 1054 1645 6,
1065 1581 1111 1634 19.

115 1666 156 1720 ita
176 1669 250 1735 effici
271 1668 468 1736 complexiones,
486 1673 516 1718 'et
537 1665 713 1734 copulationes
724 1673 753 1724 ¹et
775 1666 992 1719 adhaesitationes
1010 1673 1111 1719 aterna·

118 1770 178 1804 rura
203 1755 272 1805 inter
293 1769 328 1804 se.
362 1751 397 1802 ad
418 1751 496 1802 Fam.
518 1748 552 1814 9,
566 1748 599 1814 3,
615 1748 642 1801 4.
667 1751 743 1803 ualde
765 1751 811 1816 id,
828 1738 918 1815 ciedo,
936 1753 1110 1804 laborandum

119 1845 176 1902 est,
194 1856 226 1890 ne
243 1864 278 1877 -
294 1843 381 1888 nost-ra
395 1835 525 1888 00100010
539 1843 586 1889 aut
599 1837 666 1888 inter
680 1852 726 1887 noe
740 1838 847 1888 cessatio
865 1837 1035 1905 vituperetur.
1062 1836 1106 1901 10,

119 1922 162 1987 34,
177 1921 204 1973 7.
224 1921 336 1974 Sallust.
351 1921 412 1988 lug.
435 1917 485 1984 79,
503 1917 528 1970 3.
557 1938 624 1988 quae
646 1936 687 1970 res
709 1938 749 1972 eos
769 1922 797 1973 in
819 1938 916 1989 magno
937 1922 1108 1990 diuturnoque

119 2010 184 2061 bello
205 2010 269 2060 inter
289 2024 317 2060 se
331 2007 431 2058 babuit.
467 2003 528 2056 Lir.
545 2003 589 2068 21,
603 2002 646 2068 39,
663 2002 688 2075 9.
715 2013 844 2059 auserunt
867 2006 981 2058 interce
1005 2007 1108 2075 opinio·
1140 2022 1147 2035 “

117 2111 183 2146 aem.
203 2092 223 2145 i.
239 2110 264 2145 c.
282 2092 324 2145 die
340 2081 540 2160 uecbsetseitige'
554 2090 689 2159 Aebtuag.
1124 2082 1131 2105 ¹

153 2212 274 2264 Iustinus
292 2211 385 2264 Praei.
400 2208 426 2262 3.
446 2227 512 2278 quac
528 2209 644 2261 historici
664 2210 835 2277 Graecarum,
850 2216 929 2279 prout
946 2211 1107 2264 commodum

120 2298 208 2364 cuique
218 2299 292 2363 fuit,
311 2298 381 2348 inter
395 2311 447 2346 sese
462 2294 601 2362 gregatim
616 2302 802 2362 occupaverunt
822 2295 940 2359 omneis,
963 2313 1029 2362 puae
1051 2298 1108 2349 sine
1135 2348 1138 2355 ,

114 2385 209 2448 fructu
225 2387 314 2445 erant,
333 2397 366 2432 ea
380 2378 469 2431 amnia
483 2378 620 2447 Pompeius
635 2378 720 2430 divisa
733 2379 889 2446 temporibus
903 2386 928 2430 et
943 2382 1009 2432 serie
1021 2398 1109 2432 rerum

119 2467 227 2534 digesto
242 2465 389 2533 composuit.
426 2463 469 2513 lta
484 2479 555 2513 nunc
576 2459 677 2513 critici*
689 2462 833 2513 ediderunt
854 2467 882 2514 et
902 2463 1048 2516 Dribnerus
1066 2450 1111 2517 10ζ

119 2555 304 2617 terpretatur:
323 2564 393 2615 quae
408 2546 535 2599 historici
545 2547 714 2598 Graecorum
726 2545 866 2616 gregatim
884 2545 903 2598 i.
920 2565 943 2601 e.
962 2551 1041 2602 multi
1052 2555 1110 2604 tra·
1173 2564 1175 2569 ⁴
1260 2539 1264 2549 ⁸

120 2638 265 2689 cieverunt
284 2632 379 2684 divisis
398 2630 470 2685 iuter
484 2649 515 2683 se
536 2633 628 2685 rebus.
664 2631 742 2700 Quae
764 2631 900 2688 sententia
921 2651 974 2686 nou
999 2641 1108 2703 poterat

118 2720 175 2774 illis
197 2717 291 2770 verbis
314 2716 447 2786 exprimi,
473 2734 523 2768 nec
546 2719 684 2788 gregatim
705 2718 738 2768 de
761 2717 858 2768 multis
882 2716 1035 2784 historicis,
1057 2737 1109 2774 nec

118 2807 184 2859 inter
197 2823 223 2857 se
236 2805 270 2856 de
285 2805 368 2855 rebus
383 2801 477 2854 divisis
493 2801 557 2854 dici.
593 2801 742 2869 Scripsisse
762 2802 834 2855 mibi
848 2802 957 2857 videtur
970 2804 1108 2859 Iustinuse

120 2906 187 2956 qnae
209 2889 375 2940 historici-
391 2889 457 2940 inter
478 2904 504 2939 se
521 2874 657 2956 segregati
676 2895 874 2959 occupauerunt.
897 2887 916 2942 i.
939 2906 964 2942 e.
987 2889 1108 2946 intense
1129 2906 1133 2913 ’

120 2973 289 3025 discedentes
305 2972 333 3024 in
350 2971 474 3040 singulas
489 2980 590 3039 partes.
1130 2964 1133 2969 ’

157 3076 272 3159 Quintil.
287 3090 329 3155 10,
347 3089 374 3156 2,
391 3088 434 3141 15.
453 3091 481 3142 ia
502 3084 610 3160 magnis
626 3107 724 3159 queque
747 3092 893 3145 auctoribus
913 3092 1033 3146 incidunt
1054 3096 1108 3149 eii-

124 3194 177 3245 000
192 3178 284 3228 uitiosa
300 3183 326 3228 et
339 3193 356 3227 a
370 3176 453 3229 doctis
471 3178 540 3228 inter
556 3177 624 3245 ipsas
643 3177 721 3228 etiarn
740 3186 830 3230 mutuo
849 3178 1013 3247 reprehensa.
1037 3178 1063 3244 4,
1080 3179 1107 3233 2.

122 3260 164 3312 13.
186 3262 217 3312 de
231 3261 308 3331 laude
324 3261 389 3312 inter
403 3262 470 3329 ipsos
486 3267 619 3315 certaturn.
654 3258 680 3324 6,
696 3259 722 3324 3,
737 3259 780 3314 32.
800 3262 858 3315 cie.
874 3262 908 3313 de
918 3260 971 3314 0ff.
988 3263 1014 3326 1,
1022 3263 1048 3327 7,
1061 3263 1106 3316 20.

121 3347 227 3397 societas
242 3345 375 3397 bominum
391 3346 458 3397 inter
471 3347 545 3415 ipsos.
580 3343 626 3395 ubi
647 3345 739 3398 Beier.
775 3344 1010 3412 0011.8,6,12.
1030 3356 1107 3401 tantu

122 3431 240 3482 amnibus
267 3431 306 3482 uel
328 3430 354 3481 ia
378 3432 532 3500 regernira
553 3430 593 3482 eet
606 3431 677 3498 fides
697 3431 767 3484 inter
790 3433 860 3502 ipsos
883 3433 949 3500 suit.
993 3432 1106 3486 Sueten.

118 3515 191 3583 Aug.
207 3512 252 3566 53.
370 3510 374 3517 ’
832 3512 835 3519 “

135 3667 189 3732 24.
213 3668 321 3732 Verba
344 3679 421 3730 sunt
438 3665 619 3753 quaedem,
643 3689 727 3752 quae
741 3667 812 3753 ipsa
832 3670 1105 3734 communionem

53 3762 84 3816 et
108 3766 262 3817 mutuum
286 3756 458 3840 negotium
490 3751 693 3839 significent,
723 3753 781 3816 sed
814 3763 926 3816 tamen
954 3756 1108 3819 adiuncta

50 3839 173 3903 habere
189 3839 299 3903 solent
315 3839 663 3925 vocobulpjnterpe„
684 3838 722 3902 ld
741 3841 948 3923 grammatici
972 3843 1011 3904 ad
1040 3842 1106 3906 vim

52 3927 212 3989 orationis
245 3926 425 4010 augendam
453 3923 616 4004 referunt,
655 3927 702 3988 ati
726 3923 875 3990 Kritzius
905 3926 945 3990 ad
971 3925 1104 3991 Sallust.

51 4010 121 4098 lug.
147 4015 206 4085 66,
232 4016 262 4072 2.
295 4010 350 4074 0111
373 4022 482 4073 eutem
513 4010 731 4076 abundantiae
755 4012 894 4074 nomine
924 4010 1105 4098 reprehen-

19 4114 22 4124 ‘
51 4096 143 4163 dunt.
186 4095 355 4183 Equidem
372 4109 457 4184 puto
475 4095 511 4162 id
531 4118 574 4163 ex
588 4097 714 4184 vulgari
732 4119 887 4167 sermone
909 4097 1058 4187 copioso,
1069 4098 1104 4163 in
