2632 4770
297 202 300 207 ’
367 228 649 315 narrarunt.
690 242 962 314 narramus.
1123 255 1185 317 car

188 384 192 391 '
213 405 349 458 mrum
366 402 453 457 roura.
473 399 522 455 aaa
536 398 670 453 cremat..
702 396 808 463 cana,
821 397 848 451 4.
867 406 932 469 aa,
948 394 1029 471 atqua
1042 404 1083 457 aa
1096 405 1186 469 muro,

92 484 102 571 ἰ
212 490 327 558 Cyprum
343 516 376 527 -
391 489 490 541 mutua·
1001 476 1003 481 ¹

95 645 110 669 „
153 632 156 637 ·
226 595 258 655 8.
281 591 367 654 Haec
383 589 466 654 ratio
484 589 580 652 etiam
608 584 648 649 a'd
666 584 764 651 verba
788 583 1004 657 transfertur,
1027 599 1059 650 et
1108 609 1184 653 uum

112 674 115 679 ’
144 697 201 752 ca,
223 696 304 761 quae
325 672 516 739 antecedere
530 669 584 733 aut
601 680 766 767 praestaro
785 668 953 750 dicuntur,
976 612 1187 761 etiamicnga

92 774 109 810 ⁹
143 769 201 823 aut
216 783 331 848 magna
349 756 499 823 distantia
522 765 649 841 possint
674 756 712 819 ab
736 754 803 818 aliia
825 753 1007 837 discedere,
1029 757 1062 820 id
1086 780 1186 823 vcca—

103 838 113 860 ²
143 844 223 909 bulo
251 844 356 908 rnrrlto
383 841 599 928 exprimitur,
632 841 722 927 quasi
748 841 791 902 sit
815 838 921 904 multo
952 853 1050 918 unte,
1079 845 1186 908 multo

142 931 269 1016 magis.
310 927 369 989 His
385 926 510 991 accedit
527 947 629 989 unum
654 923 789 989 verbum
812 924 934 1007 molle,
952 929 986 991 in
1014 949 1079 1013 quo
1104 930 1188 993 inest

92 1008 259 1162 'i'mcgric
274 1011 365 1077 aelle.
410 1011 520 1091 Quare
540 1010 659 1075 dicitur
675 1009 780 1073 multo
800 1011 915 1096 magia
937 1011 1019 1076 aelle
1034 1024 1067 1077 ct
1080 1015 1187 1079 multo

106 1098 121 1145 “·ῗ
141 1122 200 1163 ma
217 1098 259 1163 lc.

94 1248 97 1253 .
246 1198 305 1253 cte.
318 1200 352 1251 da
365 1198 426 1252 Fin.
441 1197 467 1264 4,
483 1197 526 1263 18,
542 1194 583 1250 51.
608 1197 728 1250 virtutem
750 1196 864 1249 omnum
884 1196 960 1249 robur
980 1198 1058 1249 multo
1082 1208 1187 1270 autepo-

209 1290 304 1338 centor.
338 1283 436 1338 udAtt.
452 1282 494 1349 12,
509 1280 553 1335 25.
572 1281 661 1336 Tacit.
675 1278 786 1344 nnat,
803 1279 846 1333 13.
864 1280 945 1332 latiur
954 1281 1052 1331 Pontus
1065 1290 1090 1335 ot
1105 1286 1202 1359 Ctuu-¹

92 1345 98 1364 ’
212 1370 271 1421 diua
288 1367 394 1431 Cicilia,
412 1369 488 1438 regia
502 1368 600 1436 stirpe,
616 1369 698 1420 mutto
714 1373 810 1419 cetoros
824 1365 963 1417 curratur.
999 1363 1109 1418 Sulluct.
1124 1356 1210 1437 lngs'

211 1449 254 1517 81,
268 1444 311 1504 28.
331 1454 366 1503 od
379 1453 426 1504 aaa
439 1452 468 1503 1η
480 1451 612 1520 republica
627 1452 707 1504 maur
728 1456 843 1521 praeerat
858 1447 973 1515 bcwfiair'
986 1465 1064 1516 quom
1084 1441 1188 1518 matefi-

212 1536 248 1588 cir'
259 1536 430 1588 immemorem
444 1552 505 1588 crac·
869 1542 893 1609 ,s-

244 1620 335 1672 Plana.
357 1618 436 1672 Most.
457 1618 484 1683 1,
501 1618 529 1682 ὃ,
547 1616 590 1670 22.
617 1616 731 1684 midam
752 1616 796 1684 pal
816 1604 950 1686 vcla'falao
970 1620 1058 1667 mmm
1080 1616 1188 1671 lauacri

149 1744 181 1785 .·
213 1705 291 1756 mutto
306 1705 375 1757 mulo
393 1718 546 1770 quomam
562 1701 673 1771 culpari.
705 1701 788 1754 Pacu.
801 1697 924 1763 1,“2,88.
949 1697 1062 1751 Terent.
1077 1700 1146 1753 Hac.
1159 1701 1186 1765 l,

213 1786 240 1851 2,
255 1785 299 1839 35.
322 1787 396 1854 quari
418 1794 448 1839 tu
470 1805 523 1840 acu
545 1787 627 1841 multo
649 1786 727 1838 mulia
745 1800 858 1838 narrare
875 1783 923 1835 iaco
941 1784 1005 1835 milti
1027 1801 1104 1851 qnam
1127 1802 1186 1855 ego,

212 1889 280 1937 quor
302 1877 450 1939 percontor,
465 1873 537 1925 acirc.
574 1873 675 1923 fleant.
696 1865 730 1932 ὅ,
747 1868 780 1932 l,
794 1865 838 1921 55.
870 1866 919 1921 ubi
941 1866 1003 1919 vida
1022 1866 1186 1923 Bentlcium.

92 1960 99 1971 ⁴
212 1954 270 2006 Cic.
287 1954 320 2006 ari
328 1955 382 2005 Aac
389 1953 432 2018 12,
440 1955 483 2009 21.
503 1974 614 2011 meorum
626 1954 720 2008 iudicio
730 1954 809 2007 multo
821 1952 968 2007 uarcmctc
981 1970 1061 2021 mrum
1076 1955 1188 2007 omnium

213 2038 379 2104 reliquarum.

228 2140 262 2215 *)
283 2137 422 2203 Librarii
441 2136 539 2202 verba
561 2137 667 2203 multo
688 2147 722 2201 ct
740 2147 839 2203 tanto
864 2147 993 2203 mutare
1015 2134 1183 2203 solebant:

102 2230 125 2271 'a
146 2219 221 2286 vide
234 2222 404 2287 Heinsium
419 2222 458 2285 ad
472 2223 567 2289 Ovid.
583 2223 667 2288 Fast.
683 2224 715 2296 5,
732 2226 808 2287 698.
826 2232 858 2285 et
872 2222 1042 2287 Drakenb.
1059 2222 1100 2288 ad
1115 2225 1186 2291 Livr

147 2312 200 2387 29,
225 2311 274 2386 17,
297 2311 329 2371 8.
342 2333 350 2370 z
380 2318 412 2372 et
427 2308 532 2372 multo
548 2308 666 2373 addere
680 2308 920 2394 comparativis.
951 2310 1022 2375 vide
1035 2308 1187 2375 Baiarum

148 2392 190 2497 ad
206 2393 273 2457 Cic.
289 2393 329 2459 de
345 2392 411 2457 Off.
427 2398 459 2477 3,
475 2395 506 2472 5,
523 2394 576 2457 24.

421 2559 905 2650 MVLTOPERE.

229 2698 416 2784 Multopcre
431 2720 630 2786 quamquam
642 2696 868 2785 lexicographi
883 2696 1072 2772 nominant,
1092 2698 1186 2764 nullo

147 2784 302 2869 exemplo
318 2795 465 2850 veterum
487 2787 686 2873 scriptorum
706 2794 814 2871 potest
837 2780 1058 2869 comprobari.
1100 2783 1186 2848 Nam

147 2866 239 2952 quod
255 2869 374 2954 legitur
391 2871 478 2961 apud
500 2870 650 2935 Plautum
666 2868 766 2935 Marc.
787 2876 814 2944 1,
834 2876 862 2947 1,
878 2872 931 2932 65.
955 2866 1060 2931 multo
1086 2892 1186 2954 opere

148 2953 322 3019 immundo
347 2959 472 3023 rustico
496 2980 531 3021 ce
553 2955 752 3031 exercitum,
785 2976 884 3019 nemo
914 2974 982 3016 non
1008 2954 1095 3019 videt
1118 2978 1185 3020 esse

149 3037 351 3110 adiectivum.
862 3088 865 3093 .

430 3155 890 3247 MVLTOTIES.

230 3292 403 3359 Multotiec
416 3295 483 3360 sive
498 3295 708 3373 multotiens,
734 3295 821 3381 quod
838 3295 998 3382 significat
1021 3296 1184 3376 oielmulc,

146 3398 269 3462 caepa,
288 3400 387 3443 nemo
399 3382 615 3468 ¹antiquorum
632 3380 831 3463 scriptorum
850 3383 1028 3468 usurpavit,
1049 3385 1104 3447 sed
1121 3406 1185 3450 no-

146 3481 228 3527 vum
245 3465 436 3529 vocabulum
452 3490 470 3529 a
484 3465 720 3531 iurisconsultis
735 3467 974 3532 recentissimae
998 3470 1109 3533 aetatis
1132 3469 1186 3536 fa·

148 3555 239 3610 ctum
256 3559 288 3613 ct
302 3561 416 3636 postea
438 3562 537 3615 atam
556 3553 684 3637 multis,
709 3555 763 3637 qui
785 3552 885 3617 iatine
907 3554 1110 3634 scribebant,
1137 3568 1186 3620 cat

149 3630 349 3716 adhibitum,
371 3647 408 3699 ut
423 3659 537 3701 omnea
553 3636 621 3702 fera
638 3638 857 3725 grammatici,
882 3638 986 3724 quiin
1008 3639 1091 3703 vitiis
1111 3640 1186 3704 lati-

147 3736 209 3779 nae
223 3717 350 3804 linguae
366 3723 576 3809 coarguendis
602 3723 717 3787 rcrsati
735 3733 831 3803 sunt,
853 3722 892 3787 dc
917 3746 955 3787 eo
978 3724 1072 3791 verba
1094 3724 1185 3789 face-

147 3812 231 3867 rent.
274 3806 354 3870 Vide
378 3808 477 3873 Gern.
508 3810 660 3873 Vossium
686 3808 727 3871 de
749 3808 843 3873 Vitiis
868 3832 966 3875 serm.
995 3834 1028 3899 p.
1057 3815 1126 3875 109.
1152 3821 1185 3875 ct

147 3888 262 3970 p.815.
286 3890 478 3981 Scioppinrn
492 3894 634 3960 dc‘Stilo
650 3894 769 3963 hiatur.
787 3917 819 3981 p.
834 3898 907 3960 218.
924 3900 997 3962 222.
1018 3895 1184 3960 Borrichii

148 3970 396 4141 Gcgpptipp.2p.
409 3985 461 4047 32.
483 3978 882 4067 Ge11a1·.nntibarb.p.76.
897 3981 978 4067 (74.)
1003 3982 1077 4047 Cur.
1093 3990 1182 4069 post.
