2632 4770
128 236 271 326 'sos
456 278 461 290 ·
589 252 811 319 *somn

258 435 261 442 ·
305 409 433 470 Lactant.
451 407 477 472 1,
492 407 518 472 6,
533 405 575 459 14.
593 426 660 477 quoe
674 409 797 464 celebrior
809 409 878 462 inter
891 413 991 462 ceteras
1009 425 1042 462 oo
1057 409 1169 464 nobilior
1180 376 1267 466 ‘lrabe-

204 526 209 540 ι
242 504 327 564 „tun
362 495 497 549 ubicoal.
513 496 682 548 Btinemaan.
853 496 855 500 ’

310 600 369 654 cte.
389 617 416 668 p.
437 601 518 651 Rosa.
539 596 640 661 ninii,
657 594 701 648 16.
719 597 815 650 etenim
840 603 939 649 rectum
961 598 1086 664 putabat,
1108 615 1157 666 pro
1176 617 1266 650 eoram

272 687 405 739 munerare
419 700 445 734 se
459 699 599 752 pugnare,
622 689 730 751 propter
750 700 811 749 quos
828 684 884 751 ipse
904 684 1096 736 bonestissimos
1119 686 1189 735 inter
1207 701 1266 736 suos

271 771 461 831 numerabatur.
494 766 592 819 lustin.
608 765 705 831 lta,
720 766 746 821 2.
776 770 917 823 acerrimus
939 769 1007 823 inter
1026 764 1172 820 recusantes
1200 769 1264 820 Cal·

267 856 391 906 lictbenes
402 853 469 921 fuit.
506 849 624 914 aurat,
639 849 682 915 13,
697 851 723 904 4.
748 853 884 907 Parmenio
901 855 1074 923 peritissimus
1092 856 1162 906 inter
1185 855 1264 906 duces

270 941 369 993 artium
390 938 458 989 belli.
493 936 590 988 Senes.
609 938 739 991 Coatrov.
762 939 795 1005 2,
822 937 848 992 9.
875 940 921 991 ille
945 940 1068 1003 Croesus,
1090 941 1161 991 inter
1185 955 1263 1006 reges

190 1063 194 1067 -
268 1023 486 1094 opulentissimus.
521 1021 636 1084 Με1ιι2,
651 1022 792 1086 l‚ti.'tum
805 1025 976 1091 Borysthenes
992 1032 1097 1094 gentem
1111 1025 1154 1075 rui
1171 1025 1262 1076 nomi-

268 1110 312 1161 nis
326 1109 430 1170 adluitq,
450 1107 518 1158 inter
532 1108 653 1174 Scythiae
666 1124 755 1161 amnes
771 1109 976 1160 amoenissimus.
1084 1094 1092 1112 x

240 1277 242 1283 Ι
302 1210 384 1264 0viu.
403 1226 436 1262 ox
451 1210 529 1261 Pont.
545 1202 587 1276 lu,
605 1208 649 1264 51.
675 1209 855 1292 innumerique
877 1202 945 1274 olii,'
969 1229 1030 1281 quos
1044 1211 1111 1262 inter
1126 1209 1262 1262 maximus

265 1313 353 1349 omnes
369 1297 455 1348 sedne
469 1297 605 1347 Danubius
618 1312 645 1350 se
660 1295 725 1359 tibi,
743 1294 806 1346 Nile
819 1328 828 1360 ,
841 1302 932 1365 negot.

285 1452 337 1513 14.
364 1446 658 1526 Quemadmodum
678 1447 716 1510 ia
726 1446 865 1532 paucis,
884 1468 948 1534 pro
966 1445 1004 1510 ia
1020 1447 1145 1534 primis
1166 1451 1260 1534 posi-

198 1545 284 1614 tum,
300 1535 465 1600 adiectivis
482 1534 613 1598 additur
628 1532 667 1596 ad
685 1535 901 1620 praestantiae
917 1535 1178 1619 magnitudinem
1197 1559 1258 1599 au·

190 1621 361 1709 egendum,
385 1613 544 1685 illectam
563 1621 654 1683 inter
671 1641 803 1705 pomaeo
829 1628 860 1682 et
884 1621 925 1682 de
948 1619 1139 1683 hominibus
1165 1623 1259 1687 inter

193 1729 349 1794 paucos,
392 1727 468 1770 cum
501 1706 666 1770 adiectivis
692 1715 725 1768 et
751 1705 956 1791 simplicibus
988 1716 1020 1771 et
1050 1706 1257 1793 superlativis

199 1795 433 1880 componitur,
456 1805 488 1857 et
512 1793 681 1856 interdum
709 1794 808 1856 etiam
835 1794 947 1879 generi
969 1792 1256 1858 substantivorum
1292 1819 1293 1823 ¹

199 1880 486 1954 accommodatur.
533 1876 704 1963 Significat
719 1878 753 1941 in
771 1877 907 1963 primis,
928 1880 1085 1943 maxime.
1130 1880 1255 1945 Plinius

196 1963 261 2029 hoo
279 1959 422 2030 dictione
440 1963 632 2050 frequenter
656 1985 733 2030 usus
754 1975 821 2027 cst:
845 1964 978 2027 Tacitus
1002 1988 1076 2027 eom
1101 1967 1255 2032 audacter

197 2052 268 2115 aliis
303 2052 476 2115 structuris
509 2050 672 2127 iniunxit,
712 2069 800 2121 non,
843 2050 933 2136 quod
970 2051 1186 2137 Wopkensio
1215 2057 1252 2118 in

123 2200 127 2209 ,
196 2136 285 2202 Actis
319 2134 599 2201 Traiect.''l³om.
624 2138 656 2200 4.
687 2157 723 2222 p.
747 2137 825 2199 366.
859 2135 967 2202 visiun
1003 2148 1071 2219 cst,
1111 2139 1254 2225 eleganti

193 2225 312 2287 modo.
374 2223 382 2239 '
955 2236 958 2242 ’

298 2342 371 2396 Plin.
387 2340 461 2394 nist.
476 2359 503 2394 ιι.
516 2335 560 2405 tot
576 2338 603 2405 1,
618 2339 645 2393 1.
662 2341 691 2394 in
703 2340 797 2412 paucis
810 2347 898 2417 tamen
913 2343 1054 2413 dignares
1069 2350 1116 2396 est.
1147 2343 1192 2412 35,
1208 2345 1254 2411 11,

226 2427 231 2448 “
264 2426 308 2482 42.
330 2429 449 2499 pingunt
471 2435 495 2480 et
517 2434 599 2480 uestes
622 2428 650 2480 in
672 2430 791 2498 Aegypto
816 2431 886 2483 inter
906 2448 994 2499 pauca
1014 2431 1132 2482 mirabili
1148 2449 1254 2498 genere.

200 2501 202 2506 Α
262 2515 307 2580 26,
322 2513 366 2578 16,
380 2512 424 2568 62.
441 2515 486 2566 sed
504 2513 574 2567 inter
590 2531 681 2583 pauca
704 2515 833 2566 mirabilis
853 2522 889 2566 est
911 2517 995 2568 occbis
1017 2518 1108 2568 herba.
1141 2515 1186 2583 24,
1207 2517 1253 2582 11,

172 2645 174 2649 .
263 2599 308 2654 58.
328 2607 528 2655 simulamenta
541 2600 614 2658 utilis
626 2600 695 2652 inter
707 2616 804 2667 pauca.
837 2597 881 2660 20,
900 2599 944 2663 lt,
959 2599 1002 2651 72.

299 2702 362 2756 niv.
383 2700 434 2767 23,
449 2700 500 2767 44,
515 2699 542 2754 4.
566 2703 787 2770 memorabilisque
804 2701 921 2770 (pugna)
944 2703 1014 2756 inter
1025 2722 1128 2772 paucos
1140 2706 1251 2771 suisset,

261 2790 291 2843 ni
310 2789 465 2859 ingentibus
477 2787 600 2858 procellis
618 2788 720 2852 effusus
737 2788 817 2838 imber
836 2787 980 2839 diremisset
999 2796 1158 2856 pugnantes.
1195 2789 1255 2840 Ne-

175 2925 176 2929 ,
264 2891 319 2943 quo
340 2872 425 2926 aliam
447 2873 583 2924 rationem
606 2886 667 2926 esse
684 2870 765 2922 huius
785 2869 923 2922 formulas
946 2879 1011 2938 puto
1032 2872 1103 2936 apud
1128 2870 1188 2921 Liv.
1204 2873 1254 2939 22,

263 2959 298 3025 3,
313 2960 338 3013 l.
366 2961 430 3012 baec
444 2966 483 3010 est
500 2955 591 3007 nobilis
615 2954 652 3005 ad
673 2954 854 3006 Trasimenum
874 2971 971 3024 pugno
991 2964 1067 3024 atque
1087 2957 1154 3006 inter
1174 2974 1253 3023 pan.

263 3062 309 3098 cas
331 3050 474 3096 memorata
491 3038 586 3109 populi
610 3039 714 3089 romoni
736 3039 831 3090 clades.
863 3036 1021 3105 38‚15,u.
1050 3058 1127 3109 quum
1152 3057 1184 3091 ea
1207 3060 1252 3095 res

214 3132 218 3144 ’
262 3130 366 3183 animos
380 3126 470 3195 facit,
501 3129 558 3175 turn
579 3121 643 3190 agri
658 3124 822 3189 foecunditas
843 3131 870 3176 et
899 3127 1038 3179 multitudo
1063 3127 1197 3177 bominum
1224 3135 1251 3181 ot

51 3264 55 3271 ,
164 3272 169 3283 ,
198 3249 201 3254 -
261 3218 326 3268 ritus
341 3215 410 3265 inter
426 3221 527 3276 paucas
542 3207 660 3272 munitae
676 3207 755 3276 urbis.
791 3208 1001 3276 Quintillae,
1020 3210 1063 3262 13.
1087 3212 1154 3262 inter
1178 3229 1249 3279 pau-

198 3333 204 3339 .
258 3316 302 3351 cos
318 3296 438 3349 disertus.
472 3289 543 3345 Ptin.
558 3289 633 3344 nist.
650 3309 677 3344 ιι.
692 3290 735 3358 21,
749 3292 775 3359 l,
791 3292 835 3350 28.
852 3297 884 3348 de
902 3314 951 3349 usu
970 3298 1024 3349 eius
1045 3297 1161 3350 conuenit
1179 3298 1248 3349 dice-

261 3401 305 3448 re,
323 3380 418 3432 berboe
424 3378 574 3460 facillimae
589 3385 667 3445 atque
683 3378 753 3431 inter
765 3396 866 3448 pancos
879 3382 1041 3438 utilissimae.

292 3495 385 3550 Tacit·
399 3496 467 3549 nnn.
486 3493 530 3560 11,
546 3496 589 3550 li).
608 3498 745 3552 incautum
759 3503 934 3570 venationique
947 3503 1077 3557 intentum
1094 3505 1242 3572 interfecere

255 3584 371 3656 primam
394 3584 467 3634 intra
483 3583 631 3646 iuventam,
656 3586 702 3635 sed
722 3585 878 3638 claritudine
899 3604 995 3654 paucos
1010 3589 1076 3640 inter
1093 3606 1182 3640 senum
1201 3604 1244 3639 re·

255 3686 330 3740 gum.
374 3668 452 3734 Quas
474 3668 599 3720 Muretus
613 3669 753 3722 smutnnta
776 3670 890 3724 censuit.
924 3670 968 3735 16,
990 3671 1033 3724 18.
1056 3673 1123 3723 inter
1145 3689 1244 3740 paucos

253 3755 436 3823 familiarium
453 3754 553 3807 Neroni
570 3763 719 3824 assumptos
735 3762 780 3808 est.
798 3756 817 3808 i.
833 3773 857 3807 e.
875 3755 1014 3822 inprimis
1032 3757 1191 3809 familiaris.

198 3944 208 3960 ·=
276 3913 327 3974 15.
355 3904 1243 4012 Anfflffifflwhqu.,mwsmmmos‚

189 3997 279 4062 inter
296 3997 442 4059 sicarios
458 4015 641 4072 aestiuare,
667 4014 850 4078 numquam
873 4007 998 4059 mutata
1024 4008 1090 4076 est,
1114 3997 1246 4082 origine

189 4084 258 4147 eius
280 4081 476 4148 iamdudum
505 4079 691 4145 obscurata.
732 4080 909 4168 Perpersm
931 4102 1009 4150 vero
1033 4084 1245 4169 grammatici
