2632 4770
18 348 21 361 Ι
146 264 207 330 au
532 253 792 324 monumen.

208 413 328 471 slilionie
341 429 394 468 nan
408 429 487 484 posse
499 410 598 480 negari
612 416 723 480 propter
738 408 876 475 diverses,
891 424 963 480 ques
977 409 1049 466 inler
1061 409 1186 468 homines

208 499 400 562 inveniantur,
420 496 569 565 opiniones.
601 495 676 550 Dicit
689 495 778 561 enimc
800 512 853 549 non
867 501 1013 567 propterea
1072 497 1110 549 ot
1129 498 1184 569 opi-

207 586 304 639 niones
317 588 380 635 snat
394 581 470 634 aliae
491 579 665 648 spedulias,
686 578 727 645 ii,
742 578 790 647 qni
809 597 905 634 cenem
927 585 958 635 ul
976 580 1012 632 ds
1085 582 1183 655 vlunt,

208 668 318 722 divona
333 664 524 735 superstitione
539 680 622 732 quem
637 670 745 719 calmae
755 670 854 735 gentes
867 663 1068 719 wnflictnntnr.

244 769 476 907 poss-uer..
499 822 502 827 ,
525 765 638 821 cna.
661 767 790 833 orna,
812 765 943 834 samos
972 767 1037 829 vas.
1061 753 1182 841 rinc

206 872 234 926 r·
287 853 311 907 ἱ
982 850 985 857 ’

222 991 255 1056 5.
277 985 431 1053 Notandn
455 997 504 1051 est
527 983 793 1072 interrogationis
817 983 928 1053 farma
948 984 985 1050 in
1001 984 1105 1054 verbo
1126 982 1182 1050 id·

138 1098 291 1155 cereooe,
314 1070 354 1139 ab
370 1073 464 1138 initio
481 1070 660 1136 sententiae
676 1071 797 1158 posito.

239 1192 299 1249 (lie.
314 1211 341 1263 p·
356 1192 438 1247 Rosa
452 1193 513 1245 Am·
527 1188 570 1256 49,
584 1188 645 1244 141.
663 1191 789 1244 idcircone
805 1195 947 1261 separatu
963 1189 1090 1244 nolililoe
1103 1187 1175 1243 unit

205 1287 283 1347 cepae
293 1281 370 1345 ferre
382 1295 437 1330 rem
448 1276 580 1344 pellimus
598 1277 774 1345 recuperavit,
792 1283 819 1329 ut
841 1277 877 1327 ud
897 1276 1032 1327 libidinem
1055 1292 1129 1328 suum
1144 1273 1173 1327 li·

193 1364 271 1416 ,lenti
286 1363 428 1429 servolique
445 1360 569 1412 nobilium
587 1361 667 1423 idne,
680 1362 806 1424 fortunus
820 1366 917 1427 vertras
930 1365 1078 1426 murusque
1089 1374 1171 1413 mere

202 1446 326 1518 possent?
360 1465 387 1515 p.
403 1446 432 1497 (¹.
447 1442 543 1496 Rabir.
562 1440 588 1508 8,
602 1440 646 1494 23.
664 1442 790 1498 idcircone
805 1444 919 1514 oportuit
936 1443 966 1495 C.
981 1442 1119 1497 Rabirium
1131 1442 1168 1494 de-

201 1531 310 1585 sciscere
324 1549 342 1584 u
357 1548 385 1583 re
396 1527 523 1599 pallies?

220 1670 251 1731 6.
274 1666 387 1745 Quum
405 1663 610 1750 grammatici
626 1662 781 1728 vidissent
795 1663 903 1728 bonos
919 1664 1094 1751 scriptores
1108 1671 1164 1723 non
1196 1666 1200 1719 t

138 1751 259 1816 dixisse
281 1763 315 1815 et
338 1751 464 1837 igilur,
493 1749 550 1813 sed
574 1759 684 1814 tamen
709 1761 741 1816 et
765 1749 862 1824 idco,
896 1748 1055 1835 ideoque,
1076 1764 1164 1895 puae·
1194 1722 1200 1813 i

136 1839 282 1903 siverunt
297 1837 412 1907 eliam,
434 1855 515 1898 num
533 1855 588 1897 um
616 1856 691 1899 uam
712 1837 797 1920 apud
819 1856 876 1898 eos
899 1838 1056 1898 usitatum
1093 1840 1161 1915 nent
1193 1826 1200 1907 l

137 1921 330 1989 etidcirco.
387 1918 555 1983 Ernestius
580 1858 772 1984 difirmavit:
812 1919 903 2005 quod
933 1919 1067 2004 quidem
1087 1914 1160 1979 nulia
1189 1940 1200 1987 ·;

137 2007 357 2072 affirmatione
372 2003 439 2066 indi
465 2004 548 2066 ebat.
591 2005 675 2067 Nam
693 2027 794 2090 quum
811 2006 940 2069 idcirco
959 2026 1021 2091 per
1043 2025 1077 2066 se
1089 2021 1159 2064 eon·
1194 2036 1200 2049 ‚

136 2102 220 2170 stet,
241 2088 323 2152 nihil
341 2027 514 2171 prohiiet,
538 2091 727 2173 quominus
743 2090 1158 2176 sententiaeeouiungantur
1194 2100 1197 2111 ·

134 2198 194 2263 per
211 2172 367 2241 voeabula
384 2183 417 2236 et
432 2173 482 2235 vel
504 2195 575 2258 quie.
962 2220 968 2234 .

246 2291 304 2345 cic.
315 2286 353 2344 'de
369 2291 426 2343 inv.
439 2291 465 2355 1,
481 2290 507 2356 8,
524 2291 567 2343 11.
584 2310 635 2343 non
650 2293 716 2361 quod
733 2293 764 2344 de
774 2294 849 2358 sarto
864 2301 982 2358 condet.
999 2295 1044 2349 ced
1058 2289 1167 2363 polit.

86 2410 95 2427 .
201 2379 267 2445 quod
284 2380 389 2443 suctum
413 2378 464 2443 eil,
487 2377 560 2429 alind
584 2378 631 2429 ulii
652 2377 772 2433 uideatur
794 2393 861 2441 esse,
886 2379 1020 2432 etidcirco
1038 2368 1176 2431 alfianello

200 2462 301 2513 nomine
317 2462 344 2513 id
360 2461 480 2530 appellet.
516 2461 550 2514 ed
564 2463 654 2515 Fralr.
670 2462 696 2525 1,
710 2462 737 2526 2,
753 2461 779 2514 2.
795 2461 905 2513 Sueten.
920 2464 999 2517 Caes.
1013 2461 1040 2516 9.
1060 2464 1126 2515 curi
1136 2455 1180 2518 Β,

129 2610 134 2617 .
201 2545 234 2611 9,
251 2543 293 2597 36.
319 2545 440 2597 Lactant.
462 2541 495 2610 5,
517 2546 548 2611 1,
570 2545 596 2598 5.
621 2545 727 2598 orditur
741 2546 904 2598 sententiam
928 2548 992 2603 hic:
1023 2544 1190 2623 El'idcireo

199 2630 382 2699 disceptatione
395 2632 493 2684 sublata
504 2632 610 2700 pellitur
625 2651 638 2684 e
652 2633 734 2685 medio
750 2632 889 2700 sapientia.

407 2797 874 2886 IDENTIDEM.

217 2945 389 3030 Originem
414 2955 446 3009 et
470 2944 617 3009 formam
648 2942 790 3009 adverbii
817 2964 1018 3012 IDENTIDEM
1047 2951 1192 3015 vetere?

132 3032 334 3118 grammatici
359 3031 493 3108 docent,
523 3052 592 3093 esse
613 3031 744 3093 mutatis
772 3032 874 3103 literis
899 3033 991 3097 idem
1011 3041 1044 3095 el
1069 3027 1187 3094 idem-

131 3117 313 3201 Priscianus
335 3115 422 3180 enim
443 3139 474 3199 p.
492 3117 565 3181 945.
588 3113 624 3177 io
640 3127 757 3180 ueratro
775 3129 891 3182 tumen
901 3128 1086 3203 praetereo
1101 3132 1183 3200 ge*

131 3202 285 3266 minetur
298 3201 506 3285 compositio.
548 3199 704 3263 Dicimus
720 3203 810 3264 enim
825 3202 1033 3279 identidem,
1056 3198 1093 3264 id
1105 3205 1176 3267 esi,

130 3286 223 3350 idem
245 3297 277 3350 et
291 3285 401 3364 idem,
426 3287 518 3349 cuites
533 3282 657 3370 obliqui
673 3282 835 3370 deficiunt
852 3311 961 3352 cusiis.
1006 3285 1170 3370 additque

130 3370 241 3459 paullo
257 3380 352 3457 post:
378 3383 531 3435 mutatur
553 3371 644 3435 enim
665 3389 693 3434 aa
715 3371 752 3434 in
779 3393 802 3436 u
827 3385 907 3438 eote
929 3392 953 3436 n
971 3385 1017 3451 {eu
1044 3369 1170 3435 douiw

130 3478 263 3521 cuussu.
307 3453 394 3519 Beda
410 3456 450 3521 de
467 3454 711 3543 Orthographia
727 3479 761 3542 p.
777 3463 872 3521 2337.
896 3394 1084 3522 identidim
1101 3464 1172 3541 μετ’

128 3559 152 3604 Ν
171 3541 208 3603 in
220 3540 339 3627 priore
371 3541 442 3606 loco
465 3538 678 3605 scribendum
705 3553 770 3621 eac,
792 3543 871 3607 licet
893 3544 938 3606 sil
960 3541 1004 3606 ub
1025 3540 1114 3607 idem
1127 3539 1165 3599 οὗ

130 3624 222 3689 idem
247 3628 477 3710 compositum.
532 3627 565 3690 Si
588 3627 660 3713 quis
685 3648 761 3690 vero
786 3649 860 3690 eum
884 3630 1004 3699 Vossio
1026 3637 1166 3690 statuere

128 3711 240 3791 malit,
271 3711 452 3774 tlitteram
473 3733 540 3774 non
566 3733 608 3774 ex
635 3722 873 3796 assumptam,
910 3712 966 3776 sed
993 3712 1029 3776 in
1061 3702 1164 3776 verbis

128 3794 221 3858 idem
245 3794 336 3859 idem
360 3797 587 3882 interpositam
610 3818 679 3859 esse
699 3817 737 3858 eo
762 3798 884 3875 modo,
913 3819 979 3884 quo
1005 3796 1103 3860 etiam
1127 3791 1167 3854 ii²

129 3880 216 3955 aliia,
239 3880 337 3943 veluti
352 3880 384 3942 in
402 3880 521 3958 dudio,
541 3879 673 3964 plecta,
693 3879 791 3944 inseri
806 3882 925 3957 soleat,
946 3881 1171 3967 haudiemeto

127 3963 380 4028 desiderabimus
397 3964 592 4048 analogiam.
634 3965 739 4027 Aliam
764 3967 848 4030 enim
873 3968 1036 4033 rationem
1056 3979 1167 4051 sequt'

126 4070 203 4114 mur
217 4048 252 4113 in
274 4050 511 4136 componendis
534 4048 660 4130 verbis,
680 4047 776 4115 aliam
797 4053 832 4116 in
855 4050 1051 4119 formandis.
1095 4050 1171 4117 Ne*
