2632 4770
414 245 563 312 666666.
607 224 749 321 nicus.
1036 244 1100 318 scs

120 410 172 462 uo·
192 407 364 459 laeoirectee
387 401 495 455 mettim.
511 440 514 445 .
530 367 576 454 vt]
596 394 797 457 summu
820 400 991 472 oudendorp.
1025 402 1101 470 Apu*

121 493 168 548 lei.
183 491 289 544 61666.
307 507 333 557 p.
349 486 411 551 12⁰,
426 483 472 538 81.
493 487 584 538 iuxtim
605 487 843 552 666661ιί6661,
866 490 962 556 effecit.
995 488 1100 541 Florid.

123 597 149 648 p.
164 575 226 641 364,
242 547 285 641 ll.
305 574 350 626 att
363 573 457 625 iuxtim
470 569 593 623 consedit.
610 629 613 633 ,

139 721 169 779 2.
198 711 379 798 Scriptores
402 716 479 794 post
501 704 748 777 Domitianum,
771 716 807 781 ut
834 708 1101 776 coniunctionem

56 806 168 864 rerum
196 795 435 884 significarent,
462 792 616 855 dixerunt
641 791 801 868 iunctim,
824 795 915 879 quod
938 801 1037 861 etsie
1060 796 1102 860 li-
1148 862 1150 867 ,

56 887 173 949 brasiis
197 884 267 948 fere
284 880 547 962 commutaretur
573 897 648 939 cum
669 877 791 939 iuutim
814 877 1032 958 (videBront.
1060 881 1101 947 ud

55 972 184 1057 Apulei.
202 962 282 1032 Met.
301 971 330 1029 2.
350 986 381 1049 p.
399 967 469 1026 169.
487 961 676 1038 066666),
699 960 808 1024 166666
827 975 858 1026 61
875 987 934 1028 usu
950 976 981 1028 ct
997 966 1101 1041 siouiss

57 1055 208 1120 ficutiouc
227 1047 494 1136 distinguebatur.
537 1047 635 1110 Recte
658 1047 746 1109 enim
769 1048 887 1133 legitur
909 1051 994 1135 opud
1021 1020 1104 1116 §ue-v

56 1154 127 1204 ton.
154 1140 266 1202 Tiber.
290 1139 321 1198 9.
351 1135 580 1219 magistratus
605 1143 637 1195 et
663 1133 834 1195 matarius
867 1135 1038 1201 inclinauit
1070 1147 1103 1200 et

54 1250 142 1312 pene
153 1223 295 1286 iunctim
304 1219 528 1305 percucurrit,
547 1228 778 1305 quaesturam,
791 1216 1004 1302 praeturam,
1021 1245 1105 1287 oau-

60 1312 220 1373 sulatum.
264 1307 301 1369 ln
327 1303 442 1368 Claud.
465 1296 1025 1388 1116666ιῖ1.Ρ6663.Μ66666.·11,6.
1047 1330 1104 1370 rc·

60 1398 149 1459 stitui
169 1393 281 1456 debet:
306 1413 407 1477 ortam
422 1390 530 1453 iuncti
545 1389 685 1467 sedent!
715 1388 825 1474 Apud'
848 1391 988 1469 Gellium
1008 1399 1057 1467 12,
1073 1396 1104 1456 8.

61 1504 129 1545 non
145 1481 259 1542 dubito
278 1477 356 1563 quin
373 1475 583 1539 scribendum
601 1473 654 1561 fit:
672 1472 828 1565 sorsfio't
844 1487 881 1538 at
899 1477 995 1562 apud
1010 1488 1112 1548 eami-¹

62 1568 137 1630 clem
152 1568 307 1628 alcusam
327 1559 394 1624 duo
418 1560 473 1624 illi
495 1557 617 1624 iuxtim
639 1559 843 1623 locarentur.
888 1563 1014 1648 Apulei.
1032 1565 1106 1627 Me-

62 1665 140 1714 tam.
160 1657 190 1714 2.
217 1670 251 1736 p.
269 1653 340 1721 128,
356 1648 408 1712 40.
437 1645 582 1732 <irimque
605 1642 677 1709 iam
699 1644 842 1709 iunctim
858 1649 1106 1731 proximamur.

63 1737 222 1801 Revoccri
245 1733 383 1825 debebat
400 1731 550 1796 codicum
568 1732 728 1819 scriptule
745 1730 877 1807 iuxtim.
911 1752 913 1755 ·
1019 1736 1022 1741 '

148 1875 179 1962 t)
211 1872 509 1938 Commutabuntur
543 1869 647 1935 verbo·
670 1870 786 1950 iaxta,
823 1870 937 1946 iectu,
976 1872 1106 1950 iuncta,

65 1963 187 2026 rumim
205 1971 235 2024 et
252 1959 345 2022 uicti.
376 1957 422 2020 'lu
447 1957 576 2045 Apulei.
594 1956 727 2021 Metu.
751 1978 784 2042 p.
806 1962 876 2035 tet,
891 1962 941 2021 tl.
964 1964 1015 2044 (p.
1035 1963 1106 2021 126.

66 2047 165 2132 Oud.)
183 2043 421 2110 restituendum
438 2043 567 2106 videtur
590 2042 887 2129 iaictaprnximot.
929 2042 979 2105 De
1001 2041 1108 2106 verbis

66 2134 164 2196 iaxta
185 2141 216 2196 et
232 2132 325 2194 iusta
341 2129 549 2193 commutatis
565 2126 732 2192 Drakenlt.
751 2126 790 2191 66
807 2127 877 2193 Lu.
893 2130 924 2206 6,
939 2131 970 2207 6,
989 2130 1040 2193 18.

364 2341 402 2416 ὓ
464 2325 712 2415 LICET.

153 2493 298 2558 Verbum
314 2505 436 2566 multu,
458 2489 549 2577 quod
566 2491 724 2579 significat
739 2492 934 2558 conceditur
948 2497 1014 2562 sire
1030 2521 1111 2562 cau·
1221 2500 1222 2505 ’

70 2604 199 2644 cessum
222 2591 288 2661 est,
321 2580 400 2643 haec
430 2577 545 2642 habuit
566 2576 665 2642 1616.
694 2572 933 2664 61616ᾳυί66666
958 2575 1111 2670 tempore

72 2669 217 2743 verbum,
236 2665 326 2750 quod
344 2674 422 2739 erat,
440 2663 782 2749 coniungebeturcum
796 2664 956 2731 infinitivo
967 2679 1022 2730 out
1035 2691 1111 2733 cum

73 2753 300 2831 coniunctivo,
319 2749 473 2839 *praefixo
499 2761 546 2814 ut.
591 2749 656 2812 Sed
677 2759 806 2836 poterat
821 2750 902 2833 haec
921 2753 1111 2818 coniunctio

73 2839 181 2901 omitti
199 2848 295 2923 atque
312 2838 374 2902 dici
390 2861 407 2900 6
424 2836 594 2914 Cicerone
609 2835 647 2899 ad
669 2840 735 2902 Att.
753 2842 781 2917 1,
804 2839 853 2899 16.
873 2859 913 2900 ex
952 2860 998 2901 ua
1023 2839 1112 2923 (ore-

71 2925 176 3002 tione)
200 2923 278 2987 lieet
295 2945 414 3009 pauca
440 2921 608 3009 degustes.
650 2916 680 2998 6,
706 2931 733 2987 1.
763 2921 904 3007 eclipsi
926 2862 988 2988 lloc
1015 2925 1113 2988 dieas

72 3010 168 3089 licet,
195 3009 446 3073 humanitatem
474 3009 507 3086 ei
529 3005 752 3071 meoiudicio
775 3007 835 3071 illo
866 3007 923 3071 ute
954 3005 1115 3096 defuisse.

73 3095 163 3157 Tum
184 3116 261 3157 vero
281 3096 314 3157 in
336 3093 522 3174 sententiis,
546 3114 628 3178 quoe
653 3095 861 3157 coniunctivo
886 3094 1114 3181 exprimebant

75 3178 197 3263 aliquid
220 3178 292 3241 lieri
308 3201 422 3264 posse,
447 3178 621 3264 interponi,
636 3179 747 3265 coepit
770 3178 866 3259 licet,
891 3189 927 3242 ut
949 3179 1115 3264 significo-

73 3263 230 3348 returid,
256 3263 346 3348 quod
361 3263 472 3340 ficret,
493 3263 564 3327 lieri
592 3284 666 3326 cum
684 3266 906 3329 concessione.
951 3265 1003 3328 Sic
1027 3266 1114 3352 apud
1183 3332 1187 3349 ι

74 3347 250 3413 Horatium
275 3348 381 3434 Epist.
405 3353 499 3426 1,16.
530 3348 626 3412 verbo
648 3347 768 3421 tollas,
800 3349 877 3423 lieet
908 3362 1048 3436 possunt
1071 3353 1116 3415 ita

74 3436 198 3520 accipi,
221 3444 254 3496 ut
272 3435 497 3498 coniunctivus
513 3454 582 3498 non
597 3455 639 3497 ex
655 3434 754 3497 verbo
768 3434 847 3499 licet
862 3435 1012 3522 pendent.
1031 3511 1041 3516 ,ι
1056 3430 1116 3501 Vi-

76 3522 117 3584 de
146 3519 352 3583 Schmidium
379 3519 419 3583 'ed
444 3516 477 3583 h.
497 3519 520 3582 l.
564 3519 632 3582 cic.
656 3519 696 3582 nd
720 3516 809 3582 Fam.
828 3526 879 3591 16,
896 3526 949 3600 21,
965 3528 996 3587 4.
1007 3519 1116 3610 firma

75 3607 113 3670 id
129 3606 362 3691 constantique
378 3599 638 3690 animofacius‚
658 3603 752 3668 iicet.
796 3603 848 3669 cf.
861 3598 969 3669 Kritz.
986 3608 1027 3672 od
1044 3607 1118 3672 Sul·
1211 3629 1214 3633 ’

76 3691 153 3754 lust.
170 3693 239 3756 Cet.
255 3693 307 3771 35,
326 3697 358 3755 2.
404 3695 508 3776 Atque
522 3688 587 3753 hoc
603 3689 703 3753 modo
718 3689 874 3754 inseritur·
889 3691 970 3755 adeo
989 3694 1025 3758 in
1040 3715 1118 3757 sen·
1200 3693 1202 3697 ’

78 3777 196 3838 tentius
214 3778 434 3858 concessivae,
456 3796 539 3862 quse
553 3797 613 3862 per
630 3773 805 3859 porticulus
821 3770 984 3862 quamuis,
1007 3794 1118 3865 6666-

79 3861 217 3939 tamaio,
242 3862 263 3923 i.
281 3885 308 3924 6.
330 3881 432 3948 quam
449 3862 516 3938 uis,
534 3872 698 3947 quautam
716 3861 782 3942 vis,
802 3863 1055 3928 constituuntur.

184 3979 241 4031 Cic.
258 3979 291 4030 tle
307 3981 373 4050 Leg.
388 3981 415 4046 3,
431 3980 480 4057 lo„
491 3979 534 4034 24.
551 3989 578 4034 et
591 3975 753 4050 praeterens
774 3983 890 4051 quamuis
905 3995 1038 4037 enumeres
1052 3985 1121 4036 mul-

145 4071 185 4116 tos
197 4064 272 4127 licet,
291 4083 367 4133 quum
381 4067 438 4119 usu
453 4073 585 4131 creentur,
603 4067 741 4121 conuullos
762 4066 792 4122 iu
812 4067 883 4123 omui
899 4068 1028 4122 memorio
1046 4084 1121 4139 repe-
