2654 4770
539 230 690 320 iuna.
1063 247 1129 314 359
1213 266 1225 290 .

64 386 101 452 ld
127 407 208 452 vero
231 385 355 450 nostris
380 373 602 471 grammaticis
627 377 730 454 doctis
759 388 861 456 hodia
891 413 960 456 non
990 404 1124 480 poterat

63 475 209 561 placere.
253 472 308 537 Im
324 473 554 547 demonstrarat
572 475 661 539 enim
686 497 755 539 ease
779 477 977 543 vocabulum
1000 479 1124 547 locati-

61 582 159 636 vum,
180 561 215 622 iu
231 559 336 622 verbis
357 557 459 630 olim,
480 555 620 623 interim
638 561 819 636 adiectum,
844 564 878 626 in
903 565 1011 629 verbis
1029 557 1122 648 inele,

59 645 148 711 inibi
174 638 428 730 praemissum.'
450 641 528 720 Quo
547 656 657 710 autem
675 649 780 712 modo
806 647 949 728 deinde,
968 653 1122 737 perinde
1151 689 1152 692 ¹
1200 666 1202 671 '

21 764 30 775 -
61 732 249 818 pomposita
266 731 343 811 siut,
362 751 427 792 uon
448 731 525 794 satis
541 730 718 798 declarant.
757 733 838 798 Vide
853 733 942 800 Max.
963 738 1122 804 Schmid-

58 820 144 882 tium
162 816 201 880 de
211 818 369 880 Pronom.
384 837 419 902 p.
428 819 481 878 79.
510 815 754 882 Lindemannus
772 820 960 893 deAdverb.
974 828 1005 886 2.
1023 822 1120 910 p.21'.

59 902 224 988 acquievit
239 902 272 964 in
290 924 350 977 eo,
373 913 408 964 ut
423 901 547 965 diceret
567 903 605 967 in
632 905 771 968 derivari
793 903 912 969 debere
937 907 976 970 ab
1002 909 1051 989 ia,
1073 909 1139 983 uti¹

60 992 144 1076 qrrin
170 986 296 1052 factum
322 988 365 1051 sit
392 1007 434 1052 ex
458 987 543 1074 quis.
586 989 703 1053 Athis
729 991 884 1054 omnibus
903 991 988 1056 nibil
1014 988 1119 1082 magis

11 1074 222 1153 .effieitur‚
246 1095 346 1160 quam
365 1083 401 1136 ut
423 1075 826 1223 cognoseamns‚spllaba
848 1077 880 1149 i,
902 1078 971 1143 sive
993 1079 1028 1142 in
1051 1088 1119 1144 ter·
1192 1123 1221 1143 -.
1298 1092 1301 1098 “

59 1161 244 1225 minatione
269 1161 336 1222 sive
360 1159 395 1222 in
418 1161 672 1244 praepositionis
699 1163 907 1246 aiorumque
935 1165 1119 1230 vocabulo-

58 1269 138 1312 rum
156 1244 424 1309 conformatione
445 1244 607 1325 adhibita,
627 1245 920 1311 demonstrativam
943 1251 1119 1317 notionem
1196 1285 1198 1289 ⁷

60 1333 207 1418 exprimi
239 1353 376 1417 eamque
410 1331 449 1393 ad
480 1330 591 1394 locum
624 1330 756 1397 referri.
810 1333 921 1415 Quare
956 1335 1117 1404 inreddi
1162 1371 1164 1375 ¹

59 1428 172 1506 potest
197 1440 258 1504 per
282 1415 349 1495 cla,
374 1415 463 1480 ciart.
508 1417 571 1481 Sed
590 1416 808 1504 Hartungius,
833 1442 856 1481 n
880 1419 1025 1485 litteram
1046 1444 1117 1486 nou
1171 1495 1173 1498 ¹
1229 1412 1251 1476 [ι

59 1505 302 1592 paragogicam'
318 1524 387 1566 esse
415 1502 721 1582 demonstraturus,
748 1503 783 1566 in
806 1504 890 1568 libro
916 1505 957 1568 de
982 1507 1117 1573 Casibus

60 1614 95 1679 p.
109 1588 189 1654 ¹228.
206 1597 377 1674 comparat
400 1583 498 1652 πόθεν
522 1599 553 1653 et
570 1590 794 1674 gerruanieum
819 1590 898 1664 irin,
921 1601 1019 1677 atque
1040 1591 1119 1680 opi-

59 1687 158 1740 natur
174 1699 199 1738 n
220 1676 286 1739 sive
301 1697 336 1737 m
352 1673 534 1760 significare
556 1685 687 1756 motum
714 1697 754 1738 ex
777 1675 887 1760 aliquo
904 1673 995 1741 loeo.
1042 1678 1117 1760 Qua

60 1762 94 1825 iu
117 1762 265 1823 doctrina
291 1759 443 1823 notiones
468 1759 648 1824 verborum
675 1761 792 1824 bin'et
813 1761 874 1824 lter
893 1763 1025 1826 eaedem
1045 1786 1116 1829 esse

60 1847 227 1913 videntur.
285 1845 400 1931 Neque
433 1856 627 1930 argumenta
661 1846 701 1909 ab
733 1846 918 1932 Hartungio
946 1849 1116 1935 supposita
1205 1887 1214 1907 ι

61 1932 245 2019 quidquam
276 1933 430 2017 probant.
482 1931 616 2017 Syllaba
647 1931 690 1996 de
712 1942 832 1995 autem
859 1956 930 1997 non
961 1935 1031 2021 ipsa
1065 1945 1116 1998 est

59 2017 266 2107 praepositio
288 2019 445 2096 traiecta,
466 2019 524 2082 sed
542 2039 608 2082 vox
630 2039 685 2096 ea,
708 2017 838 2102 quaein
859 2021 949 2084 iubar
971 2022 1116 2086 occurrit

59 2117 93 2168 et
117 2105 179 2168 laer
210 2102 390 2190 significat,
430 2104 528 2168 et‘iu
549 2103 813 2190 praepositionis
846 2126 943 2168 usum
974 2107 1115 2174 transiit.

59 2189 149 2255 Nam
165 2191 257 2254 ἔνθεν
273 2187 398 2252 etiamsi
414 2188 523 2267 Carol.
550 2191 656 2254 Gottl.
681 2187 884 2254 Schmidtius
904 2190 944 2254 de
966 2191 1115 2278 Praepo-
1201 2217 1204 2219 ’

61 2277 114 2339 sit.
135 2297 241 2362 graec.
253 2285 292 2360 p.
310 2281 422 2339 23.ss
441 2274 499 2338 ἔνθ
522 2275 589 2339 sive
615 2275 666 2340 tvt
687 2273 811 2339 factum
831 2286 979 2351 censeat,
1000 2287 1114 2341 tamea
1139 2282 1140 2286 ’

61 2384 199 2425 necesse
217 2362 278 2424 erit
296 2360 435 2424 duarum
460 2358 664 2446 syllabarum
687 2371 807 2424 statuas
831 2361 983 2426 stamina.
1023 2363 1114 2432 ¹Inde

58 2449 162 2532 igitur
180 2457 228 2509 est
247 2445 366 2522 delier,
383 2457 415 2509 et
431 2443 582 2531 praefixo
599 2445 754 2516 adverbio
770 2444 896 2510 deinde
912 2470 976 2524 aon
992 2447 1113 2514 delier.

60 2533 265 2619 Hartungius
285 2555 318 2617 p.
338 2537 410 2596 171.
430 2541 462 2594 et
480 2532 519 2594 de
534 2531 703 2595 Particulis
720 2553 827 2619 graec.
846 2537 876 2594 1.
900 2555 934 2618 p.
950 2535 1023 2597 275.
1048 2556 1115 2598 no·

59 2642 100 2685 va
119 2641 155 2681 ac
174 2617 336 2681 mirabilia
360 2626 492 2704 captans
509 2616 625 2698 docet,
647 2616 690 2680 cle
715 2639 784 2680 esse
808 2615 967 2681 suffixum
995 2618 1113 2682 nullius
1223 2677 1233 2688 „

58 2703 326 2790 significationis,
349 2703 398 2765 uti
415 2702 448 2766 in
473 2702 639 2787 quamde,
662 2695 885 2767 needifferre
911 2703 950 2767 ab
976 2702 1114 2768 demin
1182 2720 1192 2759 ’-

57 2791 163 2868 idem,
181 2788 328 2875 quidem,
351 2810 416 2851 nee·
429 2786 469 2850 ab
486 2811 605 2874 graeco
624 2788 668 2855 δέ.
714 2788 834 2851 Caussa
850 2810 940 2868 vero,
965 2798 1121 2875 quapr0-'
1157 2809 1161 2819 ¹

55 2887 133 2965 pter
148 2882 205 2937 θεν
220 2884 252 2936 et
269 2872 311 2937 cie
328 2875 516 2960 comparari
534 2896 633 2960 posse
648 2883 756 2960 negat,
774 2894 911 2960 prorsus
930 2883 977 2936 est
991 2875 1093 2939 nulla.
1183 2947 1186 2953 ,

144 2982 170 3040 1.
186 2976 566 3055 Demonstrativanotio‚
585 2974 773 3060 quaeinest‚
785 2996 850 3060 >per
866 2995 1002 3045 omnem
1013 2995 1112 3038 usum

56 3060 237 3151 particulae
256 3066 383 3134 mau'et,
407 3083 489 3146 quae
506 3061 644 3147 proprie
662 3059 702 3123 de
719 3060 795 3123 lo‘co
810 3060 947 3140 dicitur,
964 3070 999 3123 ut
1014 3060 1056 3123 sit
1073 3082 1114 3123 ex

56 3149 119 3214 illo
139 3145 328 3227 immunde
344 3146 467 3232 aliquid
485 3147 552 3211 exit
568 3146 621 3210 vel
644 3145 816 3208 emittitur:
838 3143 958 3224 daber,
976 3167 1037 3208 von
1053 3143 1114 3209 da.
1197 3218 1203 3225 ‚

57 3235 128 3301 Nee
147 3243 258 3296 tamen
270 3236 474 3296 construitur
484 3253 559 3295 cum
569 3231 819 3319 praepositione
831 3253 865 3310 a,
875 3231 932 3295 sed
946 3252 1021 3295 eum
1034 3229 1114 3297 aliis.
1200 3226 1204 3234 ’

158 3374 249 3425 Plani.
265 3370 352 3424 Stich.
368 3371 393 3436 1,
407 3371 434 3436 2,
450 3370 478 3423 9.
496 3373 534 3424 ad
551 3388 634 3424 meam
651 3371 785 3427 maiorem
787 3373 878 3438 filiam
894 3371 975 3425 inviso
990 3374 1113 3425 domums

125 3459 220 3524 siquis
237 3474 277 3508 me
293 3463 413 3524 quaero,
431 3457 492 3508 inde
506 3463 620 3508 voeatnte
635 3456 724 3523 aliqui.
760 3456 874 3508 Terent.
888 3456 971 3509 Andr.
984 3456 1010 3520 2,
1025 3455 1052 3520 2,
1069 3453 1114 3507 31.

122 3542 205 3594 etiam
216 3558 325 3610 pueram
338 3541 398 3592 inde
412 3541 502 3592 abiens
518 3539 635 3608 emnpeai
653 3540 765 3593 Chremi.
792 3540 819 3606 1,
835 3539 861 3605 1,
877 3539 937 3593 llo.
961 3543 1034 3594 redeo
1051 3541 1115 3593 inde

124 3628 216 3677 batus.
251 3622 308 3677 cie.
327 3623 362 3676 etl
376 3625 432 3693 ᾼίι.
445 3625 489 3689 12,
507 3621 550 3676 15.
567 3640 695 3692 quumque
710 3643 787 3677 mane
801 3641 842 3676 me
856 3625 885 3676 ia
899 3625 990 3677 silvam
1002 3623 1117 3681 abstrusi

122 3711 230 3762 densam
247 3716 270 3762 et
288 3726 425 3778 asperam,
443 3729 494 3762 aon
511 3728 569 3762 ereo
586 3710 721 3775 indenata
737 3725 877 3777 vesperam.
910 3707 972 3763 Liv.
985 3705 1012 3772 ὅ,
1027 3706 1072 3772 41,
1088 3704 1115 3759 6.

122 3796 184 3846 inde
207 3810 295 3845 rursus
316 3795 375 3861 ipsa
396 3795 532 3847 solitudine
555 3793 696 3846 absterriti.
730 3787 843 3846 Sueten.
866 3790 1003 3851 Casmil.
1029 3790 1067 3865 ire
1088 3807 1122 3844 aa<

127 3878 163 3929 ad
177 3874 320 3929 'exercitum
335 3877 389 3930 sine
413 3879 475 3932 duee
490 3887 515 3932 et
528 3879 589 3931 inde
603 3894 767 3951 manarum
778 3879 814 3930 ad
828 3878 918 3930 darem
930 3877 984 3939 aine
1000 3877 1115 3929 camena.

128 3959 245 4026 Quintil.
261 3957 295 4024 2,
310 3961 361 4027 11,
377 3959 403 4014 5.
429 3965 465 4015 ad
487 3965 545 4016 alia
558 3963 676 4032 deinceps
690 3962 909 4030 atqueiadaalia
924 3984 958 4001 -·
976 3959 1116 4013 devertunt.
1163 4007 1172 4032 s
1262 4020 1265 4025 Δ

49 4116 52 4123 ¹
125 4044 187 4100 lav.
204 4044 231 4110 5,
246 4041 330 4109 43,2.·
343 4047 433 4119 priano
447 4046 502 4102 inae
523 4048 681 4118 tigaadata
696 4040 976 4118 mubitfflqomnbin
989 4047 1052 4112 sora
1073 4041 1117 4096 in*
1260 4087 1267 4111 ,
