<?xml version="1.0" encoding="UTF-8"?>
<!DOCTYPE html PUBLIC "-//W3C//DTD XHTML 1.0 Transitional//EN"
    "http://www.w3.org/TR/xhtml1/DTD/xhtml1-transitional.dtd">
<html xmlns="http://www.w3.org/1999/xhtml" xml:lang="en" lang="en">
 <head>
  <title>
</title>
<meta http-equiv="Content-Type" content="text/html;charset=utf-8" />
  <meta name='ocr-system' content='tesseract 3.04.00' />
  <meta name='ocr-capabilities' content='ocr_page ocr_carea ocr_par ocr_line ocrx_word'/>
</head>
<body>
  <div class='ocr_page' id='page_1' title='image "./tursellinusseud01handgoog_0373.png"; bbox 0 0 2654 4770; ppageno 0'>
   <div class='ocr_carea' id='block_1_1' title="bbox 248 198 1298 331">
    <p class='ocr_par' dir='ltr' id='par_1_1' title="bbox 248 198 1298 331">
     <span class='ocr_line' id='line_1_1' title="bbox 248 198 1298 331; baseline -0.016 -16"><span class='ocrx_word' id='word_1_1' title='bbox 248 245 453 316; x_wconf 77' lang='lat' dir='ltr'>tustanus.</span> <span class='ocrx_word' id='word_1_2' title='bbox 498 245 692 317; x_wconf 82' lang='lat' dir='ltr'>msinvs.</span> <span class='ocrx_word' id='word_1_3' title='bbox 713 247 718 259; x_wconf 80' lang='lat'><strong>·</strong></span> <span class='ocrx_word' id='word_1_4' title='bbox 736 246 934 318; x_wconf 76' lang='lat' dir='ltr'>insursu.</span> <span class='ocrx_word' id='word_1_5' title='bbox 1022 238 1034 268; x_wconf 90' lang='grc'>··</span> <span class='ocrx_word' id='word_1_6' title='bbox 1058 255 1130 331; x_wconf 66' lang='lat' dir='ltr'>aas¹</span> <span class='ocrx_word' id='word_1_7' title='bbox 1207 198 1211 203; x_wconf 73' lang='grc'>’</span> <span class='ocrx_word' id='word_1_8' title='bbox 1291 250 1298 277; x_wconf 58' lang='lat'>1</span> 
     </span>
    </p>
   </div>
   <div class='ocr_carea' id='block_1_2' title="bbox 57 400 1127 930">
    <p class='ocr_par' dir='ltr' id='par_1_2' title="bbox 57 400 1127 930">
     <span class='ocr_line' id='line_1_2' title="bbox 57 400 1124 499; baseline -0.02 -25"><span class='ocrx_word' id='word_1_9' title='bbox 57 429 131 499; x_wconf 87' lang='lat' dir='ltr'>pro</span> <span class='ocrx_word' id='word_1_10' title='bbox 151 404 257 471; x_wconf 88' lang='lat' dir='ltr'>semel</span> <span class='ocrx_word' id='word_1_11' title='bbox 273 403 425 468; x_wconf 77' lang='lat' dir='ltr'>videturs</span> <span class='ocrx_word' id='word_1_12' title='bbox 448 401 548 490; x_wconf 90' lang='lat' dir='ltr'>idque</span> <span class='ocrx_word' id='word_1_13' title='bbox 572 400 651 466; x_wconf 88' lang='lat' dir='ltr'>libri</span> <span class='ocrx_word' id='word_1_14' title='bbox 675 401 789 488; x_wconf 87' lang='lat' dir='ltr'>scripti</span> <span class='ocrx_word' id='word_1_15' title='bbox 814 401 848 466; x_wconf 89' lang='lat' dir='ltr'>in</span> <span class='ocrx_word' id='word_1_16' title='bbox 871 402 1024 490; x_wconf 67' lang='lat' dir='ltr'>plurimis</span> <span class='ocrx_word' id='word_1_17' title='bbox 1042 405 1124 472; x_wconf 64' lang='lat'>1005,</span> 
     </span>
     <span class='ocr_line' id='line_1_3' title="bbox 61 488 1127 576; baseline -0.008 -16"><span class='ocrx_word' id='word_1_18' title='bbox 61 494 228 570; x_wconf 84' lang='lat' dir='ltr'>offerunt,</span> <span class='ocrx_word' id='word_1_19' title='bbox 258 489 350 576; x_wconf 92' lang='lat' dir='ltr'>quod</span> <span class='ocrx_word' id='word_1_20' title='bbox 373 500 487 553; x_wconf 86' lang='lat' dir='ltr'>tamen</span> <span class='ocrx_word' id='word_1_21' title='bbox 510 488 618 553; x_wconf 82' lang='lat' dir='ltr'>critici</span> <span class='ocrx_word' id='word_1_22' title='bbox 646 497 819 551; x_wconf 78' lang='lat' dir='ltr'><strong>mutarunt</strong></span> <span class='ocrx_word' id='word_1_23' title='bbox 833 489 875 552; x_wconf 25' lang='lat' dir='ltr'>‘in</span> <span class='ocrx_word' id='word_1_24' title='bbox 895 491 1067 556; x_wconf 85' lang='lat' dir='ltr'>insimul..</span> <span class='ocrx_word' id='word_1_25' title='bbox 1089 494 1127 563; x_wconf 74' lang='lat' dir='ltr'>Si</span> 
     </span>
     <span class='ocr_line' id='line_1_4' title="bbox 59 575 1126 656; baseline -0.01 -6"><span class='ocrx_word' id='word_1_26' title='bbox 59 575 142 650; x_wconf 79' lang='lat' dir='ltr'>vero</span> <span class='ocrx_word' id='word_1_27' title='bbox 163 579 203 644; x_wconf 90' lang='lat' dir='ltr'>ad</span> <span class='ocrx_word' id='word_1_28' title='bbox 222 579 371 641; x_wconf 90' lang='lat' dir='ltr'>animum</span> <span class='ocrx_word' id='word_1_29' title='bbox 387 584 609 654; x_wconf 81' lang='lat' dir='ltr'>revocassent,</span> <span class='ocrx_word' id='word_1_30' title='bbox 624 585 808 656; x_wconf 87' lang='lat' dir='ltr'>utrumque·</span> <span class='ocrx_word' id='word_1_31' title='bbox 822 575 1015 642; x_wconf 84' lang='lat' dir='ltr'>vocabulum</span> <span class='ocrx_word' id='word_1_32' title='bbox 1028 580 1126 651; x_wconf 81' lang='lat' dir='ltr'>unias</span> 
     </span>
     <span class='ocr_line' id='line_1_5' title="bbox 64 659 1127 751; baseline -0.018 -19"><span class='ocrx_word' id='word_1_33' title='bbox 64 690 137 732; x_wconf 85' lang='lat' dir='ltr'>esse</span> <span class='ocrx_word' id='word_1_34' title='bbox 163 663 299 751; x_wconf 83' lang='lat' dir='ltr'>originis</span> <span class='ocrx_word' id='word_1_35' title='bbox 323 662 534 736; x_wconf 84' lang='lat' dir='ltr'>strationis,</span> <span class='ocrx_word' id='word_1_36' title='bbox 563 682 633 724; x_wconf 91' lang='lat' dir='ltr'>non</span> <span class='ocrx_word' id='word_1_37' title='bbox 657 659 863 725; x_wconf 72' lang='lat' dir='ltr'>dubitassent</span> <span class='ocrx_word' id='word_1_38' title='bbox 886 660 926 726; x_wconf 91' lang='lat' dir='ltr'>de</span> <span class='ocrx_word' id='word_1_39' title='bbox 955 685 1035 745; x_wconf 72' lang='lat' dir='ltr'>usu,</span> <span class='ocrx_word' id='word_1_40' title='bbox 1066 664 1127 745; x_wconf 56' lang='lat' dir='ltr'>sed</span> 
     </span>
     <span class='ocr_line' id='line_1_6' title="bbox 60 744 1126 840; baseline -0.006 -21"><span class='ocrx_word' id='word_1_41' title='bbox 60 753 126 819; x_wconf 87' lang='lat' dir='ltr'>sibi</span> <span class='ocrx_word' id='word_1_42' title='bbox 153 750 411 840; x_wconf 79' lang='lat' dir='ltr'>persuasissent,</span> <span class='ocrx_word' id='word_1_43' title='bbox 443 747 576 837; x_wconf 84' lang='lat' dir='ltr'>vulgari</span> <span class='ocrx_word' id='word_1_44' title='bbox 595 769 752 812; x_wconf 89' lang='lat' dir='ltr'>sermone</span> <span class='ocrx_word' id='word_1_45' title='bbox 781 745 844 836; x_wconf 72' lang='lat' dir='ltr'>lias</span> <span class='ocrx_word' id='word_1_46' title='bbox 871 744 997 812; x_wconf 87' lang='lat' dir='ltr'>formas</span> <span class='ocrx_word' id='word_1_47' title='bbox 1021 749 1126 816; x_wconf 86' lang='lat' dir='ltr'>fuisse</span> 
     </span>
     <span class='ocr_line' id='line_1_7' title="bbox 57 840 1080 930; baseline -0.045 -24"><span class='ocrx_word' id='word_1_48' title='bbox 57 840 251 930; x_wconf 85' lang='lat' dir='ltr'>promiscue</span> <span class='ocrx_word' id='word_1_49' title='bbox 266 843 457 923; x_wconf 74' lang='lat' dir='ltr'>usurpatas·</span> <span class='ocrx_word' id='word_1_50' title='bbox 652 840 657 867; x_wconf 81' lang='lat'><em>=</em></span> <span class='ocrx_word' id='word_1_51' title='bbox 1079 857 1080 860; x_wconf 74' lang='grc'>,</span> 
     </span>
    </p>
   </div>
   <div class='ocr_carea' id='block_1_3' title="bbox 25 942 1239 2137">
    <p class='ocr_par' dir='ltr' id='par_1_3' title="bbox 128 942 1198 1457">
     <span class='ocr_line' id='line_1_8' title="bbox 167 942 1127 1022; baseline 0 -11"><span class='ocrx_word' id='word_1_52' title='bbox 167 957 253 1012; x_wconf 84' lang='lat' dir='ltr'>Ceius</span> <span class='ocrx_word' id='word_1_53' title='bbox 269 952 297 1007; x_wconf 89' lang='lat' dir='ltr'>in</span> <span class='ocrx_word' id='word_1_54' title='bbox 312 949 377 1022; x_wconf 78' lang='lat' dir='ltr'>Dig.</span> <span class='ocrx_word' id='word_1_55' title='bbox 392 953 437 1019; x_wconf 82' lang='lat'>18,</span> <span class='ocrx_word' id='word_1_56' title='bbox 452 953 480 1017; x_wconf 88' lang='lat'>1,</span> <span class='ocrx_word' id='word_1_57' title='bbox 494 950 539 1017; x_wconf 76' lang='lat'>35,</span> <span class='ocrx_word' id='word_1_58' title='bbox 553 949 579 1005; x_wconf 74' lang='lat' dir='ltr'>i.</span> <span class='ocrx_word' id='word_1_59' title='bbox 596 969 643 1004; x_wconf 86' lang='lat' dir='ltr'>nee</span> <span class='ocrx_word' id='word_1_60' title='bbox 656 950 764 1004; x_wconf 84' lang='lat' dir='ltr'>interest</span> <span class='ocrx_word' id='word_1_61' title='bbox 778 968 861 1005; x_wconf 86' lang='lat' dir='ltr'>unum</span> <span class='ocrx_word' id='word_1_62' title='bbox 880 954 994 1021; x_wconf 75' lang='lat' dir='ltr'>panium</span> <span class='ocrx_word' id='word_1_63' title='bbox 1010 942 1127 1012; x_wconf 78' lang='lat' dir='ltr'>amnium</span> 
     </span>
     <span class='ocr_line' id='line_1_9' title="bbox 131 1024 1198 1108; baseline -0.003 -9"><span class='ocrx_word' id='word_1_64' title='bbox 131 1053 233 1099; x_wconf 82' lang='lat' dir='ltr'>emtum</span> <span class='ocrx_word' id='word_1_65' title='bbox 257 1047 426 1094; x_wconf 79' lang='lat' dir='ltr'>metretarum</span> <span class='ocrx_word' id='word_1_66' title='bbox 450 1037 557 1091; x_wconf 81' lang='lat' dir='ltr'>insemel</span> <span class='ocrx_word' id='word_1_67' title='bbox 578 1037 677 1090; x_wconf 86' lang='lat' dir='ltr'>dietum</span> <span class='ocrx_word' id='word_1_68' title='bbox 700 1037 734 1089; x_wconf 89' lang='lat' dir='ltr'>sit</span> <span class='ocrx_word' id='word_1_69' title='bbox 750 1054 786 1088; x_wconf 90' lang='lat' dir='ltr'>an</span> <span class='ocrx_word' id='word_1_70' title='bbox 808 1037 836 1089; x_wconf 88' lang='lat' dir='ltr'>in</span> <span class='ocrx_word' id='word_1_71' title='bbox 856 1039 1049 1108; x_wconf 75' lang='lat' dir='ltr'>singularem.</span> <span class='ocrx_word' id='word_1_72' title='bbox 1082 1024 1126 1097; x_wconf 76' lang='lat' dir='ltr'>lsi</span> <span class='ocrx_word' id='word_1_73' title='bbox 1196 1098 1198 1107; x_wconf 60' lang='lat'>‚</span> 
     </span>
     <span class='ocr_line' id='line_1_10' title="bbox 130 1120 1126 1193; baseline -0.003 -10"><span class='ocrx_word' id='word_1_74' title='bbox 130 1131 190 1184; x_wconf 87' lang='lat' dir='ltr'>eod.</span> <span class='ocrx_word' id='word_1_75' title='bbox 216 1129 325 1181; x_wconf 87' lang='lat' dir='ltr'>florent.</span> <span class='ocrx_word' id='word_1_76' title='bbox 348 1140 366 1178; x_wconf 81' lang='lat' dir='ltr'>a</span> <span class='ocrx_word' id='word_1_77' title='bbox 388 1124 480 1193; x_wconf 80' lang='lat' dir='ltr'>prime</span> <span class='ocrx_word' id='word_1_78' title='bbox 498 1138 599 1175; x_wconf 78' lang='lat' dir='ltr'>manue</span> <span class='ocrx_word' id='word_1_79' title='bbox 626 1120 745 1174; x_wconf 70' lang='lat' dir='ltr'>annexit</span> <span class='ocrx_word' id='word_1_80' title='bbox 766 1121 822 1175; x_wconf 84' lang='lat' dir='ltr'>alia</span> <span class='ocrx_word' id='word_1_81' title='bbox 845 1124 960 1177; x_wconf 82' lang='lat' dir='ltr'>insimul.</span> <span class='ocrx_word' id='word_1_82' title='bbox 992 1126 1029 1178; x_wconf 84' lang='lat' dir='ltr'>Et</span> <span class='ocrx_word' id='word_1_83' title='bbox 1048 1132 1126 1181; x_wconf 76' lang='lat' dir='ltr'>reete</span> 
     </span>
     <span class='ocr_line' id='line_1_11' title="bbox 128 1194 1126 1276; baseline -0.006 -5"><span class='ocrx_word' id='word_1_84' title='bbox 128 1215 296 1272; x_wconf 80' lang='lat' dir='ltr'>scriberetur</span> <span class='ocrx_word' id='word_1_85' title='bbox 310 1211 426 1274; x_wconf 83' lang='lat' dir='ltr'>insemel,</span> <span class='ocrx_word' id='word_1_86' title='bbox 444 1207 516 1276; x_wconf 85' lang='lat' dir='ltr'>qnod</span> <span class='ocrx_word' id='word_1_87' title='bbox 533 1212 606 1260; x_wconf 80' lang='lat' dir='ltr'>esset</span> <span class='ocrx_word' id='word_1_88' title='bbox 617 1223 671 1261; x_wconf 86' lang='lat' dir='ltr'>uuo</span> <span class='ocrx_word' id='word_1_89' title='bbox 684 1206 804 1260; x_wconf 87' lang='lat' dir='ltr'>nomine.</span> <span class='ocrx_word' id='word_1_90' title='bbox 822 1203 824 1211; x_wconf 71' lang='grc'>’</span> <span class='ocrx_word' id='word_1_91' title='bbox 838 1209 1039 1264; x_wconf 78' lang='lat' dir='ltr'>FlorusPrasf.</span> <span class='ocrx_word' id='word_1_92' title='bbox 1054 1211 1081 1263; x_wconf 75' lang='grc' dir='ltr'><strong>ὃ.</strong></span> <span class='ocrx_word' id='word_1_93' title='bbox 1095 1194 1126 1265; x_wconf 84' lang='lat' dir='ltr'>in</span> 
     </span>
     <span class='ocr_line' id='line_1_12' title="bbox 128 1292 1127 1373; baseline -0.004 -19"><span class='ocrx_word' id='word_1_94' title='bbox 128 1302 198 1354; x_wconf 80' lang='lat' dir='ltr'>brevi</span> <span class='ocrx_word' id='word_1_95' title='bbox 222 1298 298 1368; x_wconf 80' lang='lat' dir='ltr'>quasi</span> <span class='ocrx_word' id='word_1_96' title='bbox 320 1295 419 1348; x_wconf 71' lang='lat' dir='ltr'>tabella</span> <span class='ocrx_word' id='word_1_97' title='bbox 435 1300 518 1347; x_wconf 87' lang='lat' dir='ltr'>tatum</span> <span class='ocrx_word' id='word_1_98' title='bbox 541 1293 597 1344; x_wconf 87' lang='lat' dir='ltr'>eius</span> <span class='ocrx_word' id='word_1_99' title='bbox 619 1292 763 1373; x_wconf 79' lang='lat' dir='ltr'>imaginem</span> <span class='ocrx_word' id='word_1_100' title='bbox 782 1295 943 1364; x_wconf 74' lang='lat' dir='ltr'>amplectar,</span> <span class='ocrx_word' id='word_1_101' title='bbox 961 1299 1084 1350; x_wconf 72' lang='lat' dir='ltr'>nonnihil</span> <span class='ocrx_word' id='word_1_102' title='bbox 1096 1304 1127 1351; x_wconf 83' lang='lat' dir='ltr'>ut</span> 
     </span>
     <span class='ocr_line' id='line_1_13' title="bbox 129 1378 1125 1457; baseline -0.004 -17"><span class='ocrx_word' id='word_1_103' title='bbox 129 1403 204 1457; x_wconf 81' lang='lat' dir='ltr'>spero</span> <span class='ocrx_word' id='word_1_104' title='bbox 221 1385 258 1438; x_wconf 87' lang='lat' dir='ltr'>ad</span> <span class='ocrx_word' id='word_1_105' title='bbox 272 1381 476 1435; x_wconf 78' lang='lat' dir='ltr'>admirationem</span> <span class='ocrx_word' id='word_1_106' title='bbox 490 1378 618 1447; x_wconf 78' lang='lat' dir='ltr'>principie</span> <span class='ocrx_word' id='word_1_107' title='bbox 633 1378 726 1446; x_wconf 80' lang='lat' dir='ltr'>populi</span> <span class='ocrx_word' id='word_1_108' title='bbox 749 1381 907 1442; x_wconf 76' lang='lat' dir='ltr'>collaturus,</span> <span class='ocrx_word' id='word_1_109' title='bbox 926 1381 950 1432; x_wconf 87' lang='lat' dir='ltr'>si</span> <span class='ocrx_word' id='word_1_110' title='bbox 965 1383 1070 1449; x_wconf 79' lang='lat' dir='ltr'>puriter</span> <span class='ocrx_word' id='word_1_111' title='bbox 1083 1390 1125 1436; x_wconf 83' lang='lat' dir='ltr'>at-</span> 
     </span>
    </p>

    <p class='ocr_par' dir='ltr' id='par_1_4' title="bbox 25 1463 1125 1541">
     <span class='ocr_line' id='line_1_14' title="bbox 25 1463 1125 1541; baseline -0.005 -18"><span class='ocrx_word' id='word_1_112' title='bbox 25 1504 28 1513; x_wconf 80' lang='lat'>,</span> <span class='ocrx_word' id='word_1_113' title='bbox 134 1490 184 1541; x_wconf 81' lang='lat' dir='ltr'>que</span> <span class='ocrx_word' id='word_1_114' title='bbox 199 1468 306 1523; x_wconf 83' lang='lat' dir='ltr'>insemel</span> <span class='ocrx_word' id='word_1_115' title='bbox 319 1467 465 1518; x_wconf 75' lang='lat' dir='ltr'>uniuersum</span> <span class='ocrx_word' id='word_1_116' title='bbox 483 1463 697 1532; x_wconf 79' lang='lat' dir='ltr'>magnitudinem</span> <span class='ocrx_word' id='word_1_117' title='bbox 718 1464 776 1515; x_wconf 86' lang='lat' dir='ltr'>eins</span> <span class='ocrx_word' id='word_1_118' title='bbox 791 1465 933 1517; x_wconf 82' lang='lat' dir='ltr'>ostendero.</span> <span class='ocrx_word' id='word_1_119' title='bbox 966 1464 1024 1517; x_wconf 82' lang='lat' dir='ltr'>Atti</span> <span class='ocrx_word' id='word_1_120' title='bbox 1046 1467 1125 1518; x_wconf 80' lang='lat' dir='ltr'>codd.</span> 
     </span>
    </p>

    <p class='ocr_par' dir='ltr' id='par_1_5' title="bbox 128 1547 1239 2137">
     <span class='ocr_line' id='line_1_15' title="bbox 130 1547 1124 1617; baseline -0.005 -7"><span class='ocrx_word' id='word_1_121' title='bbox 130 1559 160 1610; x_wconf 89' lang='lat' dir='ltr'>in</span> <span class='ocrx_word' id='word_1_122' title='bbox 179 1561 266 1609; x_wconf 85' lang='lat' dir='ltr'>semet.</span> <span class='ocrx_word' id='word_1_123' title='bbox 301 1547 400 1603; x_wconf 77' lang='lat' dir='ltr'>critici</span> <span class='ocrx_word' id='word_1_124' title='bbox 424 1549 552 1601; x_wconf 81' lang='lat' dir='ltr'>iecerunt</span> <span class='ocrx_word' id='word_1_125' title='bbox 568 1548 690 1600; x_wconf 79' lang='lat' dir='ltr'>insimuls</span> <span class='ocrx_word' id='word_1_126' title='bbox 717 1547 789 1616; x_wconf 87' lang='lat' dir='ltr'>quod</span> <span class='ocrx_word' id='word_1_127' title='bbox 808 1548 952 1617; x_wconf 75' lang='lat' dir='ltr'>praestaro</span> <span class='ocrx_word' id='word_1_128' title='bbox 974 1549 1047 1603; x_wconf 89' lang='lat' dir='ltr'>mihi</span> <span class='ocrx_word' id='word_1_129' title='bbox 1070 1569 1124 1604; x_wconf 88' lang='lat' dir='ltr'>non</span> 
     </span>
     <span class='ocr_line' id='line_1_16' title="bbox 128 1632 1123 1700; baseline -0.004 -6"><span class='ocrx_word' id='word_1_130' title='bbox 128 1640 249 1700; x_wconf 86' lang='lat' dir='ltr'>videtur.</span> <span class='ocrx_word' id='word_1_131' title='bbox 284 1635 411 1691; x_wconf 78' lang='lat' dir='ltr'>Reddam</span> <span class='ocrx_word' id='word_1_132' title='bbox 425 1635 486 1687; x_wconf 81' lang='lat' dir='ltr'>eben</span> <span class='ocrx_word' id='word_1_133' title='bbox 497 1650 527 1686; x_wconf 85' lang='lat' dir='ltr'>so</span> <span class='ocrx_word' id='word_1_134' title='bbox 541 1634 597 1685; x_wconf 89' lang='lat' dir='ltr'>und</span> <span class='ocrx_word' id='word_1_135' title='bbox 610 1637 663 1699; x_wconf 80' lang='lat' dir='ltr'>aus</span> <span class='ocrx_word' id='word_1_136' title='bbox 673 1632 786 1699; x_wconf 73' lang='lat' dir='ltr'>namet,</span> <span class='ocrx_word' id='word_1_137' title='bbox 804 1632 858 1685; x_wconf 77' lang='lat' dir='ltr'>lios</span> <span class='ocrx_word' id='word_1_138' title='bbox 880 1640 932 1698; x_wconf 88' lang='lat' dir='ltr'>est,</span> <span class='ocrx_word' id='word_1_139' title='bbox 948 1651 1002 1688; x_wconf 91' lang='lat' dir='ltr'>unu</span> <span class='ocrx_word' id='word_1_140' title='bbox 1017 1637 1123 1690; x_wconf 79' lang='lat' dir='ltr'>tabella</span> 
     </span>
     <span class='ocr_line' id='line_1_17' title="bbox 130 1717 1239 1790; baseline -0.007 -11"><span class='ocrx_word' id='word_1_141' title='bbox 130 1725 291 1780; x_wconf 81' lang='lat' dir='ltr'>universnm</span> <span class='ocrx_word' id='word_1_142' title='bbox 313 1718 532 1790; x_wconf 81' lang='lat' dir='ltr'>magnitudinem</span> <span class='ocrx_word' id='word_1_143' title='bbox 555 1718 708 1770; x_wconf 85' lang='lat' dir='ltr'>ostendens.</span> <span class='ocrx_word' id='word_1_144' title='bbox 742 1717 778 1782; x_wconf 85' lang='lat'>2,</span> <span class='ocrx_word' id='word_1_145' title='bbox 792 1717 844 1781; x_wconf 77' lang='lat'>2⁰,</span> <span class='ocrx_word' id='word_1_146' title='bbox 863 1718 889 1770; x_wconf 93' lang='lat'>1.</span> <span class='ocrx_word' id='word_1_147' title='bbox 912 1719 1018 1773; x_wconf 77' lang='lat' dir='ltr'>aeliotae</span> <span class='ocrx_word' id='word_1_148' title='bbox 1041 1723 1126 1790; x_wconf 83' lang='lat' dir='ltr'>regiis</span> <span class='ocrx_word' id='word_1_149' title='bbox 1236 1760 1239 1771; x_wconf 89' lang='lat'><em>.</em></span> 
     </span>
     <span class='ocr_line' id='line_1_18' title="bbox 132 1804 1124 1874; baseline -0.006 -8"><span class='ocrx_word' id='word_1_150' title='bbox 132 1810 323 1866; x_wconf 77' lang='lat' dir='ltr'>hereditatibus</span> <span class='ocrx_word' id='word_1_151' title='bbox 344 1822 405 1874; x_wconf 84' lang='lat' dir='ltr'>opes</span> <span class='ocrx_word' id='word_1_152' title='bbox 425 1810 452 1856; x_wconf 87' lang='lat' dir='ltr'>et</span> <span class='ocrx_word' id='word_1_153' title='bbox 470 1812 523 1856; x_wconf 90' lang='lat' dir='ltr'>tota</span> <span class='ocrx_word' id='word_1_154' title='bbox 545 1804 649 1856; x_wconf 79' lang='lat' dir='ltr'>insemel</span> <span class='ocrx_word' id='word_1_155' title='bbox 667 1821 751 1873; x_wconf 79' lang='lat' dir='ltr'>regua</span> <span class='ocrx_word' id='word_1_156' title='bbox 773 1805 933 1856; x_wconf 81' lang='lat' dir='ltr'>ueniebant.&#39;</span> <span class='ocrx_word' id='word_1_157' title='bbox 953 1804 1047 1858; x_wconf 84' lang='lat' dir='ltr'>Etiam</span> <span class='ocrx_word' id='word_1_158' title='bbox 1070 1807 1124 1860; x_wconf 86' lang='lat' dir='ltr'>hoc</span> 
     </span>
     <span class='ocr_line' id='line_1_19' title="bbox 131 1886 1122 1963; baseline -0.006 -13"><span class='ocrx_word' id='word_1_159' title='bbox 131 1898 193 1950; x_wconf 87' lang='lat' dir='ltr'>loco</span> <span class='ocrx_word' id='word_1_160' title='bbox 208 1891 307 1963; x_wconf 81' lang='lat' dir='ltr'>optimi</span> <span class='ocrx_word' id='word_1_161' title='bbox 319 1890 430 1948; x_wconf 80' lang='lat' dir='ltr'>codices</span> <span class='ocrx_word' id='word_1_162' title='bbox 442 1888 629 1945; x_wconf 83' lang='lat' dir='ltr'>consentiunt:</span> <span class='ocrx_word' id='word_1_163' title='bbox 648 1886 696 1954; x_wconf 84' lang='lat' dir='ltr'>qui</span> <span class='ocrx_word' id='word_1_164' title='bbox 710 1888 817 1940; x_wconf 82' lang='lat' dir='ltr'>insimul</span> <span class='ocrx_word' id='word_1_165' title='bbox 825 1888 985 1958; x_wconf 84' lang='lat' dir='ltr'>praebeant,</span> <span class='ocrx_word' id='word_1_166' title='bbox 997 1891 1122 1944; x_wconf 81' lang='lat' dir='ltr'>nomino·</span> 
     </span>
     <span class='ocr_line' id='line_1_20' title="bbox 131 1967 1119 2061; baseline 0.001 -27"><span class='ocrx_word' id='word_1_167' title='bbox 131 1998 238 2035; x_wconf 83' lang='lat' dir='ltr'>renen</span> <span class='ocrx_word' id='word_1_168' title='bbox 262 1995 383 2048; x_wconf 79' lang='lat' dir='ltr'>possum.</span> <span class='ocrx_word' id='word_1_169' title='bbox 416 1974 490 2030; x_wconf 82' lang='lat' dir='ltr'>nlut</span> <span class='ocrx_word' id='word_1_170' title='bbox 515 1967 705 2042; x_wconf 73' lang='lat' dir='ltr'>comprobarit</span> <span class='ocrx_word' id='word_1_171' title='bbox 729 1971 896 2061; x_wconf 76' lang='lat' dir='ltr'>Salmasius,</span> <span class='ocrx_word' id='word_1_172' title='bbox 929 1976 1119 2036; x_wconf 73' lang='lat' dir='ltr'>assonam-</span> 
     </span>
     <span class='ocr_line' id='line_1_21' title="bbox 131 2064 1049 2137; baseline 0 -17"><span class='ocrx_word' id='word_1_173' title='bbox 131 2065 253 2137; x_wconf 72' lang='lat' dir='ltr'>domins.</span> <span class='ocrx_word' id='word_1_174' title='bbox 832 2064 835 2071; x_wconf 82' lang='lat'>&#39;</span> <span class='ocrx_word' id='word_1_175' title='bbox 1047 2078 1049 2085; x_wconf 80' lang='grc'>’</span> 
     </span>
    </p>
   </div>
   <div class='ocr_carea' id='block_1_4' title="bbox 423 2233 759 2323">
    <p class='ocr_par' dir='ltr' id='par_1_6' title="bbox 423 2233 759 2323">
     <span class='ocr_line' id='line_1_22' title="bbox 423 2233 759 2323; baseline -0.006 0"><span class='ocrx_word' id='word_1_176' title='bbox 423 2233 759 2323; x_wconf 87' lang='lat' dir='ltr'><strong>INSIMVL.</strong></span> 
     </span>
    </p>
   </div>
   <div class='ocr_carea' id='block_1_5' title="bbox 57 2416 1267 2766">
    <p class='ocr_par' dir='ltr' id='par_1_7' title="bbox 57 2416 1267 2766">
     <span class='ocr_line' id='line_1_23' title="bbox 144 2416 1267 2495; baseline 0.002 -10"><span class='ocrx_word' id='word_1_177' title='bbox 144 2420 281 2485; x_wconf 86' lang='lat' dir='ltr'>Novum</span> <span class='ocrx_word' id='word_1_178' title='bbox 297 2416 363 2482; x_wconf 86' lang='lat' dir='ltr'>hoa</span> <span class='ocrx_word' id='word_1_179' title='bbox 379 2416 579 2483; x_wconf 85' lang='lat' dir='ltr'>vocabulum</span> <span class='ocrx_word' id='word_1_180' title='bbox 604 2417 639 2480; x_wconf 90' lang='lat' dir='ltr'>in</span> <span class='ocrx_word' id='word_1_181' title='bbox 662 2437 759 2482; x_wconf 90' lang='lat' dir='ltr'>usum</span> <span class='ocrx_word' id='word_1_182' title='bbox 785 2419 874 2485; x_wconf 86' lang='lat' dir='ltr'>venit</span> <span class='ocrx_word' id='word_1_183' title='bbox 894 2440 973 2486; x_wconf 78' lang='lat' dir='ltr'>aevo</span> <span class='ocrx_word' id='word_1_184' title='bbox 997 2421 1122 2488; x_wconf 87' lang='lat' dir='ltr'>Domi·</span> <span class='ocrx_word' id='word_1_185' title='bbox 1169 2489 1171 2495; x_wconf 80' lang='grc'>,</span> <span class='ocrx_word' id='word_1_186' title='bbox 1266 2444 1267 2448; x_wconf 68' lang='grc'>’</span> 
     </span>
     <span class='ocr_line' id='line_1_24' title="bbox 57 2501 1261 2596; baseline 0.001 -24"><span class='ocrx_word' id='word_1_187' title='bbox 57 2507 152 2574; x_wconf 88' lang='lat' dir='ltr'>tiani.</span> <span class='ocrx_word' id='word_1_188' title='bbox 194 2507 279 2570; x_wconf 84' lang='lat' dir='ltr'>Ante</span> <span class='ocrx_word' id='word_1_189' title='bbox 304 2504 446 2569; x_wconf 86' lang='lat' dir='ltr'>Statium</span> <span class='ocrx_word' id='word_1_190' title='bbox 471 2505 526 2590; x_wconf 94' lang='lat' dir='ltr'>qui</span> <span class='ocrx_word' id='word_1_191' title='bbox 550 2523 631 2567; x_wconf 87' lang='lat' dir='ltr'>usur</span> <span class='ocrx_word' id='word_1_192' title='bbox 657 2503 778 2582; x_wconf 86' lang='lat' dir='ltr'>averit,</span> <span class='ocrx_word' id='word_1_193' title='bbox 800 2528 901 2570; x_wconf 89' lang='lat' dir='ltr'>nemo</span> <span class='ocrx_word' id='word_1_194' title='bbox 928 2518 975 2572; x_wconf 89' lang='lat' dir='ltr'>est</span> <span class='ocrx_word' id='word_1_195' title='bbox 1002 2511 1121 2596; x_wconf 83' lang='lat' dir='ltr'>sogni—</span> <span class='ocrx_word' id='word_1_196' title='bbox 1257 2501 1261 2509; x_wconf 49' lang='lat'><strong>¹</strong></span> 
     </span>
     <span class='ocr_line' id='line_1_25' title="bbox 58 2526 1121 2683; baseline 0.001 -26"><span class='ocrx_word' id='word_1_197' title='bbox 58 2606 127 2658; x_wconf 86' lang='lat' dir='ltr'>tus.</span> <span class='ocrx_word' id='word_1_198' title='bbox 171 2589 340 2678; x_wconf 84' lang='lat' dir='ltr'>Significat</span> <span class='ocrx_word' id='word_1_199' title='bbox 363 2589 477 2655; x_wconf 86' lang='lat' dir='ltr'>simul.</span> <span class='ocrx_word' id='word_1_200' title='bbox 521 2590 605 2679; x_wconf 83' lang='lat' dir='ltr'>Vide</span> <span class='ocrx_word' id='word_1_201' title='bbox 627 2526 783 2655; x_wconf 49' lang='lat' dir='ltr'>Komish.</span> <span class='ocrx_word' id='word_1_202' title='bbox 816 2592 959 2680; x_wconf 85' lang='lat' dir='ltr'>Cogitat.</span> <span class='ocrx_word' id='word_1_203' title='bbox 983 2618 1020 2683; x_wconf 85' lang='lat' dir='ltr'>p.</span> <span class='ocrx_word' id='word_1_204' title='bbox 1044 2601 1121 2662; x_wconf 84' lang='lat'><strong>200.</strong></span> 
     </span>
     <span class='ocr_line' id='line_1_26' title="bbox 60 2677 1085 2766; baseline -0.012 -21"><span class='ocrx_word' id='word_1_205' title='bbox 60 2677 194 2746; x_wconf 86' lang='lat' dir='ltr'>Cellarii</span> <span class='ocrx_word' id='word_1_206' title='bbox 213 2679 314 2742; x_wconf 82' lang='lat' dir='ltr'>Cusas</span> <span class='ocrx_word' id='word_1_207' title='bbox 330 2688 456 2766; x_wconf 87' lang='lat' dir='ltr'>poster.</span> <span class='ocrx_word' id='word_1_208' title='bbox 481 2699 514 2762; x_wconf 87' lang='lat' dir='ltr'>p.</span> <span class='ocrx_word' id='word_1_209' title='bbox 533 2679 606 2740; x_wconf 83' lang='lat'><strong>146.</strong></span> <span class='ocrx_word' id='word_1_210' title='bbox 1083 2728 1085 2733; x_wconf 91' lang='lat'><em>.</em></span> 
     </span>
    </p>
   </div>
   <div class='ocr_carea' id='block_1_6' title="bbox 38 2795 1156 3448">
    <p class='ocr_par' dir='ltr' id='par_1_8' title="bbox 38 2795 1156 3448">
     <span class='ocr_line' id='line_1_27' title="bbox 176 2795 1121 2871; baseline 0.003 -19"><span class='ocrx_word' id='word_1_211' title='bbox 176 2799 246 2852; x_wconf 79' lang='lat' dir='ltr'>seat.</span> <span class='ocrx_word' id='word_1_212' title='bbox 260 2797 330 2854; x_wconf 85' lang='lat' dir='ltr'>stlv.</span> <span class='ocrx_word' id='word_1_213' title='bbox 344 2796 370 2863; x_wconf 89' lang='lat'>1,</span> <span class='ocrx_word' id='word_1_214' title='bbox 386 2796 412 2863; x_wconf 83' lang='lat' dir='ltr'>a,</span> <span class='ocrx_word' id='word_1_215' title='bbox 431 2795 579 2855; x_wconf 20' lang='lat' dir='ltr'>aaronem</span> <span class='ocrx_word' id='word_1_216' title='bbox 597 2813 651 2864; x_wconf 77' lang='lat' dir='ltr'>qun</span> <span class='ocrx_word' id='word_1_217' title='bbox 671 2797 761 2850; x_wconf 83' lang='lat' dir='ltr'>melior</span> <span class='ocrx_word' id='word_1_218' title='bbox 779 2799 938 2868; x_wconf 77' lang='lat' dir='ltr'>severiorque</span> <span class='ocrx_word' id='word_1_219' title='bbox 956 2807 993 2853; x_wconf 84' lang='lat' dir='ltr'>est</span> <span class='ocrx_word' id='word_1_220' title='bbox 1012 2807 1039 2854; x_wconf 87' lang='lat' dir='ltr'>et</span> <span class='ocrx_word' id='word_1_221' title='bbox 1052 2819 1121 2871; x_wconf 75' lang='lat' dir='ltr'>gen-</span> 
     </span>
     <span class='ocr_line' id='line_1_28' title="bbox 130 2880 1120 2952; baseline 0.001 -15"><span class='ocrx_word' id='word_1_222' title='bbox 130 2891 171 2938; x_wconf 84' lang='lat' dir='ltr'>tes</span> <span class='ocrx_word' id='word_1_223' title='bbox 188 2884 239 2936; x_wconf 89' lang='lat' dir='ltr'>ulis</span> <span class='ocrx_word' id='word_1_224' title='bbox 254 2883 360 2936; x_wconf 84' lang='lat' dir='ltr'>insimul</span> <span class='ocrx_word' id='word_1_225' title='bbox 373 2889 491 2952; x_wconf 83' lang='lat' dir='ltr'>togatas.</span> <span class='ocrx_word' id='word_1_226' title='bbox 525 2880 661 2935; x_wconf 82' lang='lat' dir='ltr'>Heinsius·</span> <span class='ocrx_word' id='word_1_227' title='bbox 679 2880 795 2935; x_wconf 84' lang='lat' dir='ltr'>coniecit</span> <span class='ocrx_word' id='word_1_228' title='bbox 809 2883 838 2935; x_wconf 88' lang='lat' dir='ltr'>in</span> <span class='ocrx_word' id='word_1_229' title='bbox 854 2885 930 2936; x_wconf 74' lang='lat' dir='ltr'>sinu.-</span> <span class='ocrx_word' id='word_1_230' title='bbox 948 2883 1013 2937; x_wconf 85' lang='lat' dir='ltr'>edit.</span> <span class='ocrx_word' id='word_1_231' title='bbox 1036 2902 1120 2939; x_wconf 84' lang='lat' dir='ltr'>vene-</span> 
     </span>
     <span class='ocr_line' id='line_1_29' title="bbox 130 2958 1138 3023; baseline 0 -2"><span class='ocrx_word' id='word_1_232' title='bbox 130 2974 177 3022; x_wconf 85' lang='lat' dir='ltr'>tae</span> <span class='ocrx_word' id='word_1_233' title='bbox 193 2968 298 3019; x_wconf 86' lang='lat' dir='ltr'>habent</span> <span class='ocrx_word' id='word_1_234' title='bbox 310 2968 423 3020; x_wconf 85' lang='lat' dir='ltr'>insemel.</span> <span class='ocrx_word' id='word_1_235' title='bbox 447 2969 489 3020; x_wconf 87' lang='lat' dir='ltr'>De</span> <span class='ocrx_word' id='word_1_236' title='bbox 502 2966 571 3020; x_wconf 87' lang='lat' dir='ltr'>loeis</span> <span class='ocrx_word' id='word_1_237' title='bbox 584 2967 664 3020; x_wconf 82' lang='lat' dir='ltr'>Flori</span> <span class='ocrx_word' id='word_1_238' title='bbox 676 2966 758 3021; x_wconf 88' lang='lat' dir='ltr'>modo</span> <span class='ocrx_word' id='word_1_239' title='bbox 773 2967 929 3021; x_wconf 82' lang='lat' dir='ltr'>dictumest</span> <span class='ocrx_word' id='word_1_240' title='bbox 941 2966 970 3020; x_wconf 86' lang='lat' dir='ltr'>in</span> <span class='ocrx_word' id='word_1_241' title='bbox 984 2958 1138 3023; x_wconf 71' lang='lat' dir='ltr'>sussurim-¹</span> 
     </span>
     <span class='ocr_line' id='line_1_30' title="bbox 130 3050 1121 3108; baseline 0.003 -3"><span class='ocrx_word' id='word_1_242' title='bbox 130 3050 327 3105; x_wconf 77' lang='lat' dir='ltr'>Freinlremius</span> <span class='ocrx_word' id='word_1_243' title='bbox 350 3050 379 3104; x_wconf 87' lang='lat' dir='ltr'>in</span> <span class='ocrx_word' id='word_1_244' title='bbox 400 3052 459 3104; x_wconf 86' lang='lat' dir='ltr'>Ind.</span> <span class='ocrx_word' id='word_1_245' title='bbox 482 3052 559 3106; x_wconf 87' lang='lat' dir='ltr'>Flor.</span> <span class='ocrx_word' id='word_1_246' title='bbox 577 3053 662 3105; x_wconf 79' lang='lat' dir='ltr'>atteri</span> <span class='ocrx_word' id='word_1_247' title='bbox 685 3053 773 3106; x_wconf 83' lang='lat' dir='ltr'>linae:</span> <span class='ocrx_word' id='word_1_248' title='bbox 800 3051 934 3107; x_wconf 78' lang='lat' dir='ltr'>Colleetio</span> <span class='ocrx_word' id='word_1_249' title='bbox 961 3055 1063 3107; x_wconf 83' lang='lat' dir='ltr'>chron.</span> <span class='ocrx_word' id='word_1_250' title='bbox 1086 3072 1121 3108; x_wconf 82' lang='lat' dir='ltr'>ex</span> 
     </span>
     <span class='ocr_line' id='line_1_31' title="bbox 129 3135 1121 3211; baseline 0 -19"><span class='ocrx_word' id='word_1_251' title='bbox 129 3137 291 3206; x_wconf 75' lang='lat' dir='ltr'>aimoyno,</span> <span class='ocrx_word' id='word_1_252' title='bbox 308 3135 357 3204; x_wconf 80' lang='lat' dir='ltr'>qut</span> <span class='ocrx_word' id='word_1_253' title='bbox 372 3136 423 3208; x_wconf 73' lang='lat' dir='ltr'>suls</span> <span class='ocrx_word' id='word_1_254' title='bbox 440 3135 597 3189; x_wconf 79' lang='lat' dir='ltr'>Alexandro</span> <span class='ocrx_word' id='word_1_255' title='bbox 615 3137 719 3194; x_wconf 82' lang='lat' dir='ltr'>Severo</span> <span class='ocrx_word' id='word_1_256' title='bbox 740 3136 809 3191; x_wconf 79' lang='lat' dir='ltr'>vixit</span> <span class='ocrx_word' id='word_1_257' title='bbox 830 3139 856 3211; x_wconf 70' lang='lat' dir='ltr'>l.</span> <span class='ocrx_word' id='word_1_258' title='bbox 874 3145 944 3192; x_wconf 85' lang='lat' dir='ltr'>extr.</span> <span class='ocrx_word' id='word_1_259' title='bbox 960 3143 1031 3203; x_wconf 72' lang='lat' dir='ltr'>fiunt</span> <span class='ocrx_word' id='word_1_260' title='bbox 1056 3141 1121 3194; x_wconf 88' lang='lat' dir='ltr'>insi·</span> 
     </span>
     <span class='ocr_line' id='line_1_32' title="bbox 130 3208 1120 3292; baseline 0.001 -16"><span class='ocrx_word' id='word_1_261' title='bbox 130 3222 187 3276; x_wconf 87' lang='lat' dir='ltr'>mul</span> <span class='ocrx_word' id='word_1_262' title='bbox 201 3222 268 3274; x_wconf 85' lang='lat' dir='ltr'>unni</span> <span class='ocrx_word' id='word_1_263' title='bbox 283 3221 446 3274; x_wconf 74' lang='lat' dir='ltr'>GCGXLVI.</span> <span class='ocrx_word' id='word_1_264' title='bbox 482 3208 569 3276; x_wconf 77' lang='lat' dir='ltr'>Gesta</span> <span class='ocrx_word' id='word_1_265' title='bbox 582 3220 637 3276; x_wconf 81' lang='lat' dir='ltr'>uei</span> <span class='ocrx_word' id='word_1_266' title='bbox 649 3238 700 3290; x_wconf 83' lang='lat' dir='ltr'>per</span> <span class='ocrx_word' id='word_1_267' title='bbox 720 3222 842 3276; x_wconf 80' lang='lat' dir='ltr'>Francos</span> <span class='ocrx_word' id='word_1_268' title='bbox 861 3241 888 3292; x_wconf 84' lang='lat' dir='ltr'>p.</span> <span class='ocrx_word' id='word_1_269' title='bbox 902 3222 945 3289; x_wconf 79' lang='lat' dir='ltr'>dil,</span> <span class='ocrx_word' id='word_1_270' title='bbox 961 3223 1004 3277; x_wconf 77' lang='lat' dir='ltr'>m.</span> <span class='ocrx_word' id='word_1_271' title='bbox 1022 3231 1052 3277; x_wconf 89' lang='lat' dir='ltr'>ut</span> <span class='ocrx_word' id='word_1_272' title='bbox 1069 3243 1120 3277; x_wconf 87' lang='lat' dir='ltr'>nu-</span> 
     </span>
     <span class='ocr_line' id='line_1_33' title="bbox 38 3305 1156 3387; baseline -0.001 -26"><span class='ocrx_word' id='word_1_273' title='bbox 38 3364 41 3369; x_wconf 56' lang='lat'>,</span> <span class='ocrx_word' id='word_1_274' title='bbox 126 3315 181 3387; x_wconf 66' lang='lat' dir='ltr'>¹tarn</span> <span class='ocrx_word' id='word_1_275' title='bbox 193 3306 298 3360; x_wconf 85' lang='lat' dir='ltr'>insimul</span> <span class='ocrx_word' id='word_1_276' title='bbox 312 3324 400 3362; x_wconf 87' lang='lat' dir='ltr'>amnes</span> <span class='ocrx_word' id='word_1_277' title='bbox 416 3309 555 3378; x_wconf 78' lang='lat' dir='ltr'>eonspeait.</span> <span class='ocrx_word' id='word_1_278' title='bbox 590 3305 1016 3383; x_wconf 78' lang='lat' dir='ltr'>stssPau.1tiac.1ib.15.in</span> <span class='ocrx_word' id='word_1_279' title='bbox 1029 3312 1119 3362; x_wconf 85' lang='lat' dir='ltr'>morto</span> <span class='ocrx_word' id='word_1_280' title='bbox 1150 3310 1156 3318; x_wconf 89' lang='lat'>&#39;</span> 
     </span>
     <span class='ocr_line' id='line_1_34' title="bbox 128 3391 243 3448; baseline -0.017 0"><span class='ocrx_word' id='word_1_281' title='bbox 128 3391 243 3448; x_wconf 76' lang='lat' dir='ltr'>nimae.</span> 
     </span>
    </p>
   </div>
   <div class='ocr_carea' id='block_1_7' title="bbox 411 3540 856 3650">
    <p class='ocr_par' dir='ltr' id='par_1_9' title="bbox 411 3540 856 3650">
     <span class='ocr_line' id='line_1_35' title="bbox 411 3540 856 3650; baseline -0.009 -1"><span class='ocrx_word' id='word_1_282' title='bbox 411 3559 754 3650; x_wconf 81' lang='lat' dir='ltr'>INSVPER.</span> <span class='ocrx_word' id='word_1_283' title='bbox 853 3540 856 3547; x_wconf 80' lang='grc'><strong>“</strong></span> 
     </span>
    </p>
   </div>
   <div class='ocr_carea' id='block_1_8' title="bbox 10 3731 1293 4178">
    <p class='ocr_par' dir='ltr' id='par_1_10' title="bbox 57 3731 1293 4094">
     <span class='ocr_line' id='line_1_36' title="bbox 145 3731 1262 3834; baseline 0.002 -29"><span class='ocrx_word' id='word_1_284' title='bbox 145 3740 301 3809; x_wconf 73' lang='lat' dir='ltr'>lassam</span> <span class='ocrx_word' id='word_1_285' title='bbox 325 3743 526 3810; x_wconf 84' lang='lat' dir='ltr'>factumest</span> <span class='ocrx_word' id='word_1_286' title='bbox 551 3743 738 3826; x_wconf 88' lang='lat' dir='ltr'>eomodo,</span> <span class='ocrx_word' id='word_1_287' title='bbox 763 3765 831 3834; x_wconf 91' lang='lat' dir='ltr'>quo</span> <span class='ocrx_word' id='word_1_288' title='bbox 857 3731 1121 3810; x_wconf 64' lang='lat' dir='ltr'>Germaniano</span> <span class='ocrx_word' id='word_1_289' title='bbox 1201 3781 1205 3789; x_wconf 89' lang='lat'><em>·</em></span> <span class='ocrx_word' id='word_1_290' title='bbox 1258 3788 1262 3795; x_wconf 87' lang='lat'>-</span> 
     </span>
     <span class='ocr_line' id='line_1_37' title="bbox 59 3828 1293 3917; baseline 0.006 -25"><span class='ocrx_word' id='word_1_291' title='bbox 59 3834 195 3892; x_wconf 88' lang='lat' dir='ltr'>mutant</span> <span class='ocrx_word' id='word_1_292' title='bbox 210 3828 245 3893; x_wconf 90' lang='lat' dir='ltr'>in</span> <span class='ocrx_word' id='word_1_293' title='bbox 263 3829 406 3913; x_wconf 79' lang='lat' dir='ltr'>draiber,</span> <span class='ocrx_word' id='word_1_294' title='bbox 429 3829 519 3917; x_wconf 94' lang='lat' dir='ltr'>quod</span> <span class='ocrx_word' id='word_1_295' title='bbox 536 3841 583 3894; x_wconf 90' lang='lat' dir='ltr'>est</span> <span class='ocrx_word' id='word_1_296' title='bbox 599 3830 759 3896; x_wconf 77' lang='lat' dir='ltr'>darriben</span> <span class='ocrx_word' id='word_1_297' title='bbox 802 3828 1142 3896; x_wconf 54' lang='lat' dir='ltr'>Nam-demonstran</span> <span class='ocrx_word' id='word_1_298' title='bbox 1210 3890 1213 3896; x_wconf 25' lang='lat'><strong>⁴</strong></span> <span class='ocrx_word' id='word_1_299' title='bbox 1290 3894 1293 3899; x_wconf 87' lang='lat'><em>.</em></span> 
     </span>
     <span class='ocr_line' id='line_1_38' title="bbox 57 3913 1120 4005; baseline 0.001 -28"><span class='ocrx_word' id='word_1_300' title='bbox 57 3913 127 3979; x_wconf 87' lang='lat' dir='ltr'>tiva</span> <span class='ocrx_word' id='word_1_301' title='bbox 144 3913 193 3979; x_wconf 88' lang='lat' dir='ltr'>vis</span> <span class='ocrx_word' id='word_1_302' title='bbox 209 3915 350 3980; x_wconf 88' lang='lat' dir='ltr'>voculae</span> <span class='ocrx_word' id='word_1_303' title='bbox 365 3917 423 3998; x_wconf 86' lang='lat' dir='ltr'>in,</span> <span class='ocrx_word' id='word_1_304' title='bbox 444 3917 485 3982; x_wconf 89' lang='lat' dir='ltr'>de</span> <span class='ocrx_word' id='word_1_305' title='bbox 502 3928 565 4002; x_wconf 86' lang='lat' dir='ltr'>qua</span> <span class='ocrx_word' id='word_1_306' title='bbox 579 3939 614 4005; x_wconf 90' lang='lat' dir='ltr'>p.</span> <span class='ocrx_word' id='word_1_307' title='bbox 628 3919 702 3982; x_wconf 73' lang='lat' dir='ltr'>sti.</span> <span class='ocrx_word' id='word_1_308' title='bbox 719 3916 885 3999; x_wconf 86' lang='lat' dir='ltr'>diximus,</span> <span class='ocrx_word' id='word_1_309' title='bbox 907 3915 962 3980; x_wconf 88' lang='lat' dir='ltr'>hie</span> <span class='ocrx_word' id='word_1_310' title='bbox 985 3935 1120 4002; x_wconf 91' lang='lat' dir='ltr'>quoque</span> 
     </span>
     <span class='ocr_line' id='line_1_39' title="bbox 57 3999 1118 4094; baseline 0.001 -31"><span class='ocrx_word' id='word_1_311' title='bbox 57 4010 208 4086; x_wconf 83' lang='lat' dir='ltr'>apparet.</span> <span class='ocrx_word' id='word_1_312' title='bbox 253 4001 319 4066; x_wconf 91' lang='lat' dir='ltr'>Sed</span> <span class='ocrx_word' id='word_1_313' title='bbox 335 4013 467 4089; x_wconf 87' lang='lat' dir='ltr'>praeter</span> <span class='ocrx_word' id='word_1_314' title='bbox 487 4001 574 4067; x_wconf 87' lang='lat' dir='ltr'>hana</span> <span class='ocrx_word' id='word_1_315' title='bbox 596 4005 819 4071; x_wconf 87' lang='lat' dir='ltr'>intentionem</span> <span class='ocrx_word' id='word_1_316' title='bbox 844 4001 931 4071; x_wconf 89' lang='lat' dir='ltr'>nihil</span> <span class='ocrx_word' id='word_1_317' title='bbox 954 3999 1118 4094; x_wconf 82' lang='lat' dir='ltr'>particula</span> 
     </span>
    </p>

    <p class='ocr_par' dir='ltr' id='par_1_11' title="bbox 10 4080 590 4178">
     <span class='ocr_line' id='line_1_40' title="bbox 10 4080 590 4178; baseline 0.012 -30"><span class='ocrx_word' id='word_1_318' title='bbox 10 4080 15 4093; x_wconf 96' lang='lat'>&#39;</span> <span class='ocrx_word' id='word_1_319' title='bbox 56 4082 177 4170; x_wconf 87' lang='lat' dir='ltr'>habet,</span> <span class='ocrx_word' id='word_1_320' title='bbox 201 4107 270 4175; x_wconf 81' lang='lat' dir='ltr'>quo</span> <span class='ocrx_word' id='word_1_321' title='bbox 285 4109 305 4154; x_wconf 84' lang='lat' dir='ltr'>a</span> <span class='ocrx_word' id='word_1_322' title='bbox 322 4109 426 4178; x_wconf 80' lang='lat' dir='ltr'>super</span> <span class='ocrx_word' id='word_1_323' title='bbox 443 4087 590 4158; x_wconf 71' lang='lat' dir='ltr'>distem.</span> 
     </span>
    </p>
   </div>
   <div class='ocr_carea' id='block_1_9' title="bbox 0 0 1335 4770">
    <p class='ocr_par' dir='ltr' id='par_1_12' title="bbox 0 0 1335 4770">
     <span class='ocr_line' id='line_1_41' title="bbox 0 0 1335 4770; baseline 0 0"><span class='ocrx_word' id='word_1_324' title='bbox 0 0 1335 4770; x_wconf 95' lang='lat' dir='ltr'> </span> 
     </span>
    </p>
   </div>
  </div>
 </body>
</html>
