2654 4770
224 274 290 339 cos
652 248 865 335 mixtur·
937 363 941 369 .

328 424 385 483 cta
400 422 474 479 Phtt
491 419 577 488 6,16,
593 416 636 474 tt
658 419 736 473 iuius
749 418 905 473 indrutrian
919 419 1033 474 narina
1047 418 1151 489 quiden
1169 421 1272 487 ostien,

292 520 323 567 ut
335 508 545 571 imitarentnrii,
560 522 624 574 quas
640 505 791 574 oportciats
805 504 911 557 emto
926 510 1012 557 autern
1027 506 1100 569 iaco,
1114 521 1149 557 aa
1164 506 1275 559 aiterirn

293 599 377 650 tatoni
393 595 547 649 inviderent.
580 606 606 656 p.
626 588 705 641 cneci
721 587 747 650 9,
762 586 807 639 23.
831 588 943 641 marine
959 589 1017 658 suit
1040 590 1190 658 optandum
1200 590 1276 642 cae·

293 682 381 745 ainnc,
399 685 603 748 recuperatores,
626 681 656 726 ut
669 674 856 726 controuersiae
866 674 934 726 niisil
948 674 1066 726 haberet.-
1082 674 1197 724 secundo
1210 672 1276 736 toas,

292 770 323 819 ut
340 782 373 819 nc
388 780 447 817 cuns
466 768 521 815 toas
536 760 652 829 inprobo
664 757 786 810 tamine:
809 758 913 822 tcrtia‚-
929 764 958 810 ut
977 774 1036 809 cun
1050 764 1108 811 taus
1120 759 1205 812 stulta
1220 760 1274 811 ‘ba-

293 850 371 904 teret.

329 949 387 1004 (iic.
402 964 430 1016 p.
444 945 541 999 liubit·
557 944 650 999 Parth.
668 942 711 1021 11,
727 942 771 997 33.
788 944 872 1014 siper
885 942 943 996 'earn
960 944 1079 997 reductus
1092 945 1220 998 insidiose
1233 962 1276 998 re·

294 1035 402 1098 diurn,
428 1049 469 1084 rra
490 1030 592 1083 scilicet.
606 1029 732 1091 marine,
750 1029 794 1080 cad
808 1028 926 1097 prosimu
945 1029 1019 1082 illurn
1040 1046 1137 1099 quoque
1155 1032 1275 1100 sessilis-

294 1136 355 1172 scn.
388 1113 531 1178 Ernesto,
547 1113 595 1182 qui
615 1114 700 1165 rerba
715 1112 943 1183 procuratae
962 1112 1115 1180 οοιιίιιιιιιίῑ,
1141 1132 1270 1171 necessu·

293 1201 367 1255 rinae
388 1199 538 1252 ridebatur·
551 1198 667 1268 prosim
680 1214 728 1266 sne.
762 1195 798 1248 At
819 1197 935 1267 prasina
948 1202 990 1250 cat
1014 1199 1155 1267 proximo,
1176 1218 1274 1255 scenn-

294 1285 330 1340 do
346 1283 416 1338 loco.
525 1312 528 1317 .
669 1292 672 1297 '
884 1282 887 1289 '

327 1388 415 1442 Varro
430 1380 521 1441 che
536 1380 640 1448 ι.1,9,
655 1382 682 1435 1.
704 1381 731 1434 in
747 1394 797 1451 pua
813 1400 912 1453 genere
922 1391 981 1437 sunt
998 1385 1108 1438 macine
1124 1403 1185 1439 oues
1194 1423 1203 1452 ‚
1223 1386 1273 1441 de-

293 1472 354 1527 inde
369 1489 471 1542 caprae.
504 1468 575 1523 Ptin.
591 1468 664 1525 nist.
680 1465 748 1531 nt,
764 1466 808 1531 16,
823 1467 866 1521 23.
883 1475 965 1538 gustu
988 1468 1038 1522 atei
1060 1473 1191 1537 manime,
1211 1472 1272 1526 dcia
1290 1505 1293 1509 -

294 1559 401 1612 modicis
413 1556 533 1609 intritus
548 1554 665 1623 gaudent
677 1552 836 1621 utunturque.

330 1654 522 1721 calmutii,
538 1653 564 1727 6,
580 1652 606 1706 4.
631 1656 677 1708 scd
698 1656 775 1708 vitem
797 1654 908 1708 marine
926 1658 1039 1727 populus
1065 1658 1168 1711 videtur
1192 1660 1270 1725 aiere,
1292 1728 1295 1733 Ι

295 1746 389 1797 deinde
410 1744 512 1805 ulmus,
533 1749 592 1811 post
609 1739 687 1792 etiarn
702 1739 836 1805 stannus.
869 1738 942 1793 Plin.
968 1742 1041 1794 nist.
1066 1760 1092 1794 ιι.
1106 1741 1150 1808 31,
1167 1742 1212 1804 12,
1225 1743 1269 1798 76.

192 1846 200 1861 “
289 1830 383 1897 figura
397 1828 509 1896 oblonga
523 1825 634 1877 marimo
644 1824 794 1893 protatur:
812 1824 905 1878 deinde
921 1842 986 1893 quae
1003 1833 1110 1903 matur
1128 1828 1270 1883 lenticulae

292 1920 383 1984 pastea
397 1910 517 1979 cycloides
532 1910 690 1962 etratuuda.
739 1947 758 1955 ..
998 1934 1050 2037 ⁶

329 2012 472 2067 Columell.
484 2009 511 2076 6,
525 2010 552 2074 3,
567 2010 594 2063 6.
609 2011 778 2078 probaturque
794 1983 905 2088 marine
921 2012 1021 2085 uinea,
1039 2014 1130 2081 po'stea
1137 2014 1269 2080 fraxinea

294 2105 320 2153 et
335 2099 367 2152 ab
387 2099 437 2149 isac
451 2096 602 2166 poputncas
618 2093 725 2165 Musas
741 2101 802 2147 sunt
818 2097 918 2164 ilignea
934 2104 962 2151 at
975 2112 1099 2166 werruca.

328 2196 472 2252 Columelt.
492 2194 518 2261 6,
536 2194 562 2260 3,
578 2195 605 2249 3.
631 2212 676 2277 eac
696 2197 838 2265 probantur
856 2198 967 2253 runcinis
989 2217 1021 2252 ca
1042 2199 1129 2264 mdia,
1156 2206 1215 2252 turn
1240 2214 1269 2252 er

243 2296 246 2302 '
293 2282 405 2346 hordeo,
421 2298 479 2334 moa
494 2281 575 2336 etiam
589 2298 618 2333 er
631 2281 724 2334 tritico.

328 2383 400 2437 Ptin.
409 2382 481 2437 nise
498 2399 525 2438 n.
540 2381 582 2448 18,
597 2381 624 2448 i,
639 2381 682 2435 11.
703 2388 762 2453 post
775 2383 862 2436 cisium
875 2385 985 2440 narina
999 2387 1124 2439 tondatur
1134 2388 1269 2453 creticum,

295 2486 354 2524 aas
370 2470 528 2540 aegyptium.
561 2467 604 2532 12,
619 2464 663 2533 28,
678 2465 721 2519 62.
740 2468 867 2520 laudatur
880 2469 1059 2525 ianuwniaca
1073 2473 1196 2535 maxime,
1213 2488 1272 2525 nior

292 2556 434 2625 aegyptia,
459 2554 520 2607 dein
540 2552 652 2621 sprinca.
695 2550 839 2605 columcli.
861 2549 887 2616 3,
909 2552 998 2619 125.
1026 2556 1138 2608 Saserna
1154 2559 1269 2610 marimo

291 2641 413 2710 probante
427 2638 601 2702 salicurtem,
616 2655 676 2690 noa
692 2637 784 2690 deiude
798 2639 947 2704 meridiem,
964 2647 1020 2693 tura
1038 2659 1166 2694 occasum.

324 2740 410 2792 Varro
426 2739 460 2791 ds
475 2741 518 2792 Rc
532 2757 556 2792 r.
579 2739 705 2804 2,11,1.
730 2741 797 2806 quad
818 2748 901 2793 autern
923 2743 1032 2795 marinos
1050 2751 1213 2815 perpurget,
1236 2751 1272 2800 cst

293 2827 432 2895 equinum,
451 2831 508 2877 tun
527 2825 677 2890 asininum,
692 2825 750 2877 dein
767 2825 905 2890 bubulum,
922 2832 976 2880 tum
992 2830 1138 2897 caprinum.

309 2983 362 3043 26.
383 2978 436 3043 Illi
452 2976 581 3057 dicendi
597 2979 723 3064 generi,
744 2978 779 3041 in
794 2997 879 3064 quo,
903 2978 994 3063 quod
1012 2980 1198 3065 plurimum
1216 3004 1272 3048 va-

223 3061 288 3145 let,
318 3064 453 3148 reliquis
477 3086 538 3150 per
555 3062 750 3129 vocabulum
773 3063 920 3128 maxime
944 3068 1183 3153 praeponitur,
1218 3091 1273 3133 eac

227 3169 360 3236 quoque
382 3149 540 3213 dictiones
557 3158 830 3226 annumerantur,
851 3150 884 3226 in
898 3151 1015 3234 quibus
1035 3152 1141 3237 egitur
1160 3155 1203 3217 dc
1219 3175 1271 3230 eo,

226 3236 316 3322 quod
333 3245 369 3297 ut
384 3232 440 3299 fiet
459 3245 513 3297 aut
528 3231 599 3296 fieri
617 3234 718 3319 possit
733 3234 877 3297 maxime
891 3245 938 3296 cst
955 3237 1111 3321 optabile.
1157 3239 1271 3318 Quare

226 3321 411 3407 opponitur
434 3320 612 3398 sententia,
641 3339 722 3403 quae
748 3317 906 3389 declaret,
931 3321 1008 3404 quid
1036 3321 1110 3400 fist,
1132 3325 1159 3385 si
1189 3324 1269 3387 illud

225 3408 411 3470 maximum
439 3428 507 3469 non
533 3401 639 3490 possit
660 3401 741 3466 fieri.
794 3401 961 3488 Significat
991 3405 1089 3492 igitur
1120 3409 1268 3473 mraxime

225 3490 261 3555 id
287 3493 384 3576 quod>
394 3492 629 3576 potissimum,
666 3490 694 3554 si
721 3487 790 3551 ullo
808 3499 921 3637 Ipacto
957 3487 1027 3554 fieri
1053 3502 1184 3575 potest,
1213 3515 1263 3559 wo

226 3576 393 3723 mplius,
423 3599 481 3639 am
504 3573 654 3641 tiebsten.
705 3572 787 3672 Vide
823 3572 948 3636 ‘ebrum
978 3586 1012 3638 et
1034 3576 1204 3641 Kritzium
1227 3578 1268 3642 ad

228 3660 359 3725 salust.
375 3660 445 3746 lug.
462 3663 514 3738 35,
531 3663 563 3725 4.
593 3661 795 3743 Herzoglum
814 3657 853 3722 cd
877 3661 967 3723 Caes.
986 3661 1065 3725 Bell.
1087 3663 1148 3728 civ.
1165 3670 1198 3746 2,
1216 3669 1269 3730 39.

328 3795 438 3848 Sallust.
452 3793 513 3860 Ing.
529 3793 572 3859 46,
588 3790 614 3848 4.
632 3795 777 3863 persuadet,
800 3795 840 3846 uti
855 3795 1009 3864 Iugurtham
1027 3814 1155 3855 maxume,
1171 3801 1272 3864 uicum,

294 3881 334 3934 cin
351 3879 379 3930 id
393 3895 490 3947 parurn
502 3879 639 3945 pracedat,
659 3887 778 3932 necatum
793 3880 842 3932 sibi
858 3882 997 3932 traderent.
1030 3877 1075 3944 35,
1096 3877 1124 3931 4.
1147 3883 1272 3951 imporat,

291 3963 375 4034 pretia
390 3989 425 4000 -
442 3963 604 4015 insidiatores
619 3964 747 4017 Massiuae
757 3970 849 4034 paret,
865 3981 896 4015 ac
916 3982 1032 4016 maxume
1045 3965 1156 4030 occulte,
1177 3968 1222 4020 sin
1241 3967 1274 4022 id

287 4065 385 4118 parum
397 4045 536 4116 procedat,
556 4048 644 4115 quouis
659 4049 733 4104 modo
747 4047 890 4104 Numidam
906 4048 1055 4117 interficiat.
