2632 4770
205 270 278 354 'ccc
447 296 452 300 ·
628 258 842 349 'insursu

301 434 334 504 5.
356 435 414 501 Vti
429 443 506 520 post
521 434 659 499 nomina
676 434 873 499 diversitatis
895 443 930 500 et
947 435 1158 518 secretionis,
1179 435 1281 498 etiam

126 548 141 614 j
218 534 296 615 post
311 525 452 608 iruuper
471 520 580 585 Livius
599 523 712 609 posuit
729 543 844 608 qaam.

324 640 437 704 tinec,
452 640 478 706 7,
493 639 519 692 3.
537 642 600 693 haec
613 650 713 710 pacta:
731 644 780 694 ilia
795 643 908 711 insuper,
919 659 1005 709 *quam
1018 658 1085 711 quae
1096 647 1179 710 pacta
1192 646 1282 693 mant.

290 730 339 783 ubi
355 733 434 781 erent
448 725 496 792 qui
510 727 558 777 iila
572 726 601 777 in
613 728 673 804 alia
690 727 793 780 mutari
808 726 944 780 iuberent.

869 851 878 872 s

305 888 336 948 6.
354 881 513 966 ‘Insuper
532 878 678 961 trabere,
704 879 794 966 quod
820 890 869 944 est
892 894 1194 966 supervacaneum,
1221 899 1280 941 nea

220 969 443 1036 necessarium
468 966 623 1047 haberes
640 968 759 1032 dicitur
784 989 848 1054 pro
875 976 1108 1040 contemnere,
1135 963 1198 1026 vile
1220 962 1281 1026 ha-

222 1057 318 1138 bere,
340 1053 527 1139 negligere,
551 1062 584 1116 et
601 1064 781 1140 usurpatur
796 1077 814 1116 a
830 1051 1043 1140 scriptoribus
1061 1050 1280 1114 recentissimi

222 1141 304 1208 aevi.
357 1142 507 1204 Muretus
535 1139 614 1201 Vnr.
642 1140 890 1216 Lect.11,17.
925 1159 993 1200 uno
1026 1135 1127 1199 verbo
1154 1136 1279 1216 iuncto,

221 1228 319 1293 sicuti
342 1225 519 1291 invenisset
543 1224 578 1286 iu
604 1223 698 1288 libris
723 1225 872 1311 scriptis,
905 1221 987 1286 haee
1012 1244 1082 1285 esse
1107 1220 1280 1284 scribenda

221 1314 365 1379 monuit.
409 1310 596 1374 Raevnrdus
623 1311 664 1373 ad
690 1310 793 1374 Plaut.
812 1310 913 1374 Mero.
933 1316 968 1387 1,
987 1315 1024 1381 2,
1040 1311 1093 1370 82.
1115 1318 1279 1392 separatas

207 1395 325 1466 ‘fuisse
355 1397 414 1460 hes
445 1397 706 1483 praepositiones
739 1397 776 1459 in
805 1417 908 1480 super
937 1392 1062 1458 habere
1097 1394 1279 1456 contendit.

111 1483 117 1505 ’
223 1488 322 1552 Certe
345 1495 457 1546 tamen
491 1481 865 1567 znsrrper'scribendum
887 1491 951 1544 est:
983 1480 1132 1565 alioquin
1156 1479 1289 1561 Mureti

221 1580 438 1661 praeceptum
454 1568 592 1655 probari
615 1567 751 1654 poterit.

327 1687 435 1741 Gellius
451 1686 542 1752 1,19.
567 1705 625 1740 earn
646 1688 820 1743 scrutantium
845 1685 1080 1754 confidentiamque
1101 1703 1152 1737 uon
1176 1687 1280 1754 insuper

289 1775 436 1829 habendam
451 1774 586 1842 intelligit.
621 1771 655 1837 4,
672 1774 697 1826 1.
717 1775 780 1845 haec
802 1791 870 1841 ego,
887 1772 986 1838 inquit,
1004 1788 1083 1839 quum
1099 1771 1280 1839 philosophiae

288 1877 331 1913 cna
345 1859 486 1922 dedissem,
502 1876 553 1910 non
569 1858 674 1926 insuper
694 1865 782 1910 tamen
800 1858 881 1909 dabui
897 1858 1003 1908 discere.
1039 1855 1148 1921 Apulei.
1165 1856 1233 1907 Met.
1253 1857 1278 1907 1.

290 1961 318 2011 p.
331 1936 450 2005 11113.
471 1941 519 1992 ubi
534 1940 677 2006 Golriusc
701 1943 778 1994 codd.
802 1939 953 2005 revocavit.
987 1937 1013 1991 4.
1033 1957 1057 2006 p.
1073 1939 1134 2003 154,
1151 1939 1178 1993 i.
1214 1941 1278 1991 vide

287 2027 435 2080 Bmutinm
457 2025 492 2077 ed
511 2025 579 2078 Met·
593 2025 619 2077 5.
637 2019 668 2097 pt
682 2024 750 2091 112,
766 2025 810 2078 lt.
833 2023 978 2095 Papinian.
995 2024 1024 2077 in
1042 2024 1215 2094 Dtg.11‚t,
1231 2023 1273 2077 43.

291 2109 385 2164 cuso.
401 2108 517 2162 Observ.
535 2107 562 2175 3,
579 2109 623 2162 22.
788 2104 790 2112 ’
903 2108 904 2113 ’

239 2285 246 2302 ·
301 2266 334 2325 7.
355 2259 517 2325 Particuln
533 2259 613 2326 licea
629 2284 705 2326 cum
721 2263 913 2328 nominibus
938 2259 1153 2346 coniungitur
1174 2278 1276 2345 prse-

217 2345 395 2497 positicnis
410 2347 514 2410 instar
533 2348 622 2435 apud
647 2360 780 2436 poetas,
803 2348 991 2436 etquidem
1018 2369 1093 2410 cum
1121 2345 1275 2408 ablativo.

236 2433 256 2496 d
272 2433 390 2497 imitati
408 2443 486 2495 sunt
510 2434 644 2519 quidam
661 2437 841 2522 scriptores
858 2435 1075 2524 prosaici„ut
1093 2432 1273 2494 Vitruvius.

152 2572 155 2578 .
217 2518 328 2583 Etiam
360 2519 582 2584 accusatIvum
616 2522 748 2610 adiungi
775 2545 891 2612 posse,
928 2518 1100 2609 perpaucis
1133 2517 1275 2580 demon-

217 2615 341 2668 stratur
358 2605 530 2690 exemplis.
863 2617 865 2625 ’

222 2771 224 2781 ,
320 2723 431 2780 liueret.
444 2722 471 2789 c,
488 2726 549 2782 521.
565 2734 643 2794 atque
660 2716 721 2778 aliis
742 2729 812 2779 aliae
832 2725 911 2776 nubes
929 2722 1072 2788 uimbeique
1091 2724 1211 2790 rigantes
1232 2722 1275 2773 ia-

283 2827 362 2878 scper
379 2838 413 2850 -
426 2813 560 2876 ferantur.
595 2808 621 2873 6,
637 2807 697 2860 191.
717 2811 761 2860 uti
771 2828 818 2878 per
831 2823 948 2875 magnos
963 2808 1068 2856 monteio
1083 2809 1219 2858 cumulata
1235 2808 1275 2858 ci-

240 2911 245 2919 ·
284 2894 355 2944 deliis
368 2894 474 2962 insuper
487 2911 540 2944 esse
555 2894 615 2943 aliis
630 2893 696 2948 alia.
731 2893 785 2943 Sed
800 2892 828 2942 in
843 2890 886 2941 his
907 2888 932 2939 ci
948 2888 1008 2955 quis
1024 2889 1147 2940 dativum
1163 2889 1273 2942 intelli-

249 3019 252 3024 .
287 2975 318 3044 gi
339 2977 435 3040 malit,
452 2995 506 3029 uon
527 2973 616 3026 doerit
638 2974 664 3024 ei
689 2973 763 3026 iusta
781 2990 885 3026 caussa.
920 2973 1025 3025 Vitruv.
1043 2972 1085 3032 10,
1101 2970 1136 3022 15
1150 2971 1233 3038 (21),
1250 2971 1274 3023 4.

281 3079 333 3129 quc
350 3063 452 3129 insuper
469 3060 597 3110 collocata
621 3058 798 3112 eratalceruis
818 3060 947 3113 materies.
981 3057 1093 3126 5,1,9.
1118 3058 1212 3126 quibas
1234 3061 1273 3110 in-

282 3161 359 3213 super
372 3135 489 3196 transtra
504 3146 558 3193 etc.
621 3194 640 3207 .,

318 3245 419 3313 Virgil.
435 3242 468 3308 ll,
482 3241 544 3296 214.
571 3243 678 3316 insuper
700 3244 756 3311 liis,
784 3247 871 3316 campi
890 3249 1021 3317 quadres
1041 3246 1121 3298 habet
1141 3246 1197 3314 ipse
1218 3246 1270 3296 La-

280 3328 361 3384 tinus.
580 3323 582 3329 ’
1171 3336 1173 3341 “

314 3428 383 3480 Cato
403 3429 437 3490 dc
459 3430 503 3482 Re
517 3447 540 3483 r.
559 3429 604 3495 18,
618 3429 646 3484 5.
672 3433 777 3501 insuper
802 3434 906 3484 arbores
927 3432 1077 3500 stipitesque
1092 3433 1192 3484 trabem
1204 3424 1263 3499 pla-

275 3530 336 3565 nam
355 3515 491 3583 imponito.
531 3515 639 3568 vitruv.
662 3516 704 3582 lu,
721 3515 756 3568 14
774 3514 849 3585 (211),
864 3517 890 3569 2.
910 3518 1066 3587 collocentur
1091 3525 1179 3568 autem
1197 3516 1264 3566 inca-

277 3615 325 3664 per
339 3599 421 3651 busina
437 3601 591 3673 tignariuc.
626 3601 680 3653 Sed
703 3602 762 3654 eod.
785 3601 892 3670 fraueq.
918 3604 981 3655 basi.
1016 3599 1143 3665 5,12,4.
1164 3603 1266 3668 insuper

272 3685 337 3746 ,eam
360 3687 578 3754 exaequationem.
621 3686 695 3738 Edit.
722 3687 856 3753 primeca
880 3688 1074 3754 exaequatione.
1119 3684 1265 3737 Columell.

276 3767 321 3831 12,
336 3767 379 3831 39,
397 3769 420 3819 1.
447 3779 504 3822 tum
528 3772 633 3838 iusuper
657 3789 754 3823 cannas
776 3789 874 3840 ponere
896 3780 920 3824 et
939 3770 968 3822 'iu
988 3772 1040 3822 sola
1054 3772 1172 3838 pandere
1195 3785 1284 3820 sistas.¹

276 3850 356 3902 Caes.
370 3852 403 3904 B.
418 3852 470 3905 civ.
485 3855 510 3917 2,
527 3855 553 3906 ll.
569 3857 636 3906 hacc
654 3857 759 3924 insuper
774 3857 1011 3925 contignationem,
1031 3864 1156 3922 quantum
1173 3861 1269 3906 tectum

55 3984 59 3996 ,
106 3924 107 3929 ’
163 3976 167 3980 ,
272 3936 356 4005 plutei
373 3955 405 3987 ac
419 3940 558 3991 vinearum
570 3957 678 4007 passum
693 3946 748 4002 est,
769 3940 895 3991 laterculo
920 3941 1112 3991 adstruxerunt.
1148 3939 1208 3990 Non
1228 3942 1270 3987 est

272 4019 456 4088 praepositio,
475 4023 523 4073 sed
545 4023 725 4078 adverbium:
748 4023 916 4094 contignatio
940 4041 1026 4092 snpra
1046 4022 1177 4090 imposita
1200 4027 1268 4074 erat.

190 4170 195 4178 .
271 4105 339 4159 Vide
353 4107 536 4176 Herzcgium.
1250 4120 1251 4123 ’
