<?xml version="1.0" encoding="UTF-8"?>
<!DOCTYPE html PUBLIC "-//W3C//DTD XHTML 1.0 Transitional//EN"
    "http://www.w3.org/TR/xhtml1/DTD/xhtml1-transitional.dtd">
<html xmlns="http://www.w3.org/1999/xhtml" xml:lang="en" lang="en">
 <head>
  <title>
</title>
<meta http-equiv="Content-Type" content="text/html;charset=utf-8" />
  <meta name='ocr-system' content='tesseract 3.04.00' />
  <meta name='ocr-capabilities' content='ocr_page ocr_carea ocr_par ocr_line ocrx_word'/>
</head>
<body>
  <div class='ocr_page' id='page_1' title='image "./tursellinusseud01handgoog_0173.png"; bbox 0 0 2632 4770; ppageno 0'>
   <div class='ocr_carea' id='block_1_1' title="bbox 514 252 1117 325">
    <p class='ocr_par' dir='ltr' id='par_1_1' title="bbox 514 252 1117 325">
     <span class='ocr_line' id='line_1_1' title="bbox 514 252 1117 325; baseline 0.007 -6"><span class='ocrx_word' id='word_1_1' title='bbox 514 252 677 323; x_wconf 86' lang='lat' dir='ltr'><strong>lBlDEM.</strong></span> <span class='ocrx_word' id='word_1_2' title='bbox 1055 260 1117 325; x_wconf 81' lang='grc'><strong>169</strong></span> 
     </span>
    </p>
   </div>
   <div class='ocr_carea' id='block_1_2' title="bbox 100 402 1163 1774">
    <p class='ocr_par' dir='ltr' id='par_1_2' title="bbox 100 402 1163 1774">
     <span class='ocr_line' id='line_1_2' title="bbox 100 402 1115 493; baseline 0.008 -25"><span class='ocrx_word' id='word_1_3' title='bbox 100 402 190 468; x_wconf 72' lang='lat' dir='ltr'><strong>»dem</strong></span> <span class='ocrx_word' id='word_1_4' title='bbox 207 404 291 470; x_wconf 85' lang='lat' dir='ltr'><strong>loen.</strong></span> <span class='ocrx_word' id='word_1_5' title='bbox 335 405 440 491; x_wconf 79' lang='lat' dir='ltr'><strong>Saepe</strong></span> <span class='ocrx_word' id='word_1_6' title='bbox 456 415 567 475; x_wconf 81' lang='lat' dir='ltr'><strong>temen</strong></span> <span class='ocrx_word' id='word_1_7' title='bbox 585 404 798 490; x_wconf 73' lang='lat' dir='ltr'><strong>intelligimus</strong></span> <span class='ocrx_word' id='word_1_8' title='bbox 820 406 948 493; x_wconf 82' lang='lat' dir='ltr'><strong>inipso</strong></span> <span class='ocrx_word' id='word_1_9' title='bbox 970 409 1115 476; x_wconf 83' lang='lat' dir='ltr'><strong>eu-loco.</strong></span> 
     </span>
     <span class='ocr_line' id='line_1_3' title="bbox 100 490 1117 576; baseline 0.008 -24"><span class='ocrx_word' id='word_1_10' title='bbox 100 511 186 554; x_wconf 81' lang='lat' dir='ltr'><strong>uere</strong></span> <span class='ocrx_word' id='word_1_11' title='bbox 203 491 317 575; x_wconf 78' lang='lat' dir='ltr'><strong>Festus</strong></span> <span class='ocrx_word' id='word_1_12' title='bbox 332 490 418 555; x_wconf 78' lang='lat' dir='ltr'><strong>haud</strong></span> <span class='ocrx_word' id='word_1_13' title='bbox 439 494 542 559; x_wconf 80' lang='lat' dir='ltr'><strong>mule:</strong></span> <span class='ocrx_word' id='word_1_14' title='bbox 569 492 618 557; x_wconf 85' lang='lat' dir='ltr'><strong>ibi</strong></span> <span class='ocrx_word' id='word_1_15' title='bbox 634 492 772 569; x_wconf 82' lang='lat' dir='ltr'><strong>dicitnr,</strong></span> <span class='ocrx_word' id='word_1_16' title='bbox 792 512 894 576; x_wconf 68' lang='lat' dir='ltr'><strong>einim</strong></span> <span class='ocrx_word' id='word_1_17' title='bbox 908 493 999 558; x_wconf 76' lang='lat' dir='ltr'><strong>inette</strong></span> <span class='ocrx_word' id='word_1_18' title='bbox 1012 497 1117 560; x_wconf 84' lang='lat' dir='ltr'><strong>semel</strong></span> 
     </span>
     <span class='ocr_line' id='line_1_4' title="bbox 100 575 1116 665; baseline 0.007 -26"><span class='ocrx_word' id='word_1_19' title='bbox 100 576 345 640; x_wconf 81' lang='lat' dir='ltr'><strong>emonetra&#39;tnr:</strong></span> <span class='ocrx_word' id='word_1_20' title='bbox 382 575 525 654; x_wconf 85' lang='lat' dir='ltr'><strong>ibidem,</strong></span> <span class='ocrx_word' id='word_1_21' title='bbox 569 601 670 665; x_wconf 81' lang='lat' dir='ltr'><strong>qnnm</strong></span> <span class='ocrx_word' id='word_1_22' title='bbox 702 577 853 664; x_wconf 80' lang='lat' dir='ltr'><strong>saepius.</strong></span> <span class='ocrx_word' id='word_1_23' title='bbox 890 579 975 642; x_wconf 77' lang='lat' dir='ltr'><strong>,Sed</strong></span> <span class='ocrx_word' id='word_1_24' title='bbox 1005 583 1116 647; x_wconf 84' lang='lat' dir='ltr'><strong>omnin</strong></span> 
     </span>
     <span class='ocr_line' id='line_1_5' title="bbox 100 660 1116 746; baseline 0.012 -27"><span class='ocrx_word' id='word_1_25' title='bbox 100 682 159 738; x_wconf 70' lang='lat' dir='ltr'><strong>ire,</strong></span> <span class='ocrx_word' id='word_1_26' title='bbox 192 684 276 746; x_wconf 81' lang='lat' dir='ltr'><strong>quse</strong></span> <span class='ocrx_word' id='word_1_27' title='bbox 307 660 403 725; x_wconf 86' lang='lat' dir='ltr'><strong>nobis</strong></span> <span class='ocrx_word' id='word_1_28' title='bbox 426 664 462 725; x_wconf 90' lang='lat' dir='ltr'><strong>in</strong></span> <span class='ocrx_word' id='word_1_29' title='bbox 486 662 535 727; x_wconf 90' lang='lat' dir='ltr'><strong>ibi</strong></span> <span class='ocrx_word' id='word_1_30' title='bbox 561 663 764 727; x_wconf 80' lang='lat' dir='ltr'><strong>observande</strong></span> <span class='ocrx_word' id='word_1_31' title='bbox 787 671 896 739; x_wconf 81' lang='lat' dir='ltr'><strong>erunt,</strong></span> <span class='ocrx_word' id='word_1_32' title='bbox 927 667 1116 731; x_wconf 81' lang='lat' dir='ltr'><strong>communie</strong></span> 
     </span>
     <span class='ocr_line' id='line_1_6' title="bbox 100 744 1119 836; baseline 0.008 -27"><span class='ocrx_word' id='word_1_33' title='bbox 100 766 162 817; x_wconf 86' lang='lat' dir='ltr'><strong>unc</strong></span> <span class='ocrx_word' id='word_1_34' title='bbox 177 747 300 811; x_wconf 85' lang='lat' dir='ltr'><strong>iterum</strong></span> <span class='ocrx_word' id='word_1_35' title='bbox 317 769 490 833; x_wconf 78' lang='lat' dir='ltr'><strong>agnoscere</strong></span> <span class='ocrx_word' id='word_1_36' title='bbox 507 771 569 812; x_wconf 86' lang='lat' dir='ltr'><strong>nos</strong></span> <span class='ocrx_word' id='word_1_37' title='bbox 590 758 723 836; x_wconf 79' lang='lat' dir='ltr'>oportet</span> <span class='ocrx_word' id='word_1_38' title='bbox 749 747 782 810; x_wconf 92' lang='lat' dir='ltr'><strong>in</strong></span> <span class='ocrx_word' id='word_1_39' title='bbox 807 744 953 829; x_wconf 80' lang='lat' dir='ltr'><strong>ibidem,</strong></span> <span class='ocrx_word' id='word_1_40' title='bbox 979 748 1119 816; x_wconf 78' lang='lat' dir='ltr'><strong>fortusse·</strong></span> 
     </span>
     <span class='ocr_line' id='line_1_7' title="bbox 101 830 1116 920; baseline 0.006 -25"><span class='ocrx_word' id='word_1_41' title='bbox 101 830 171 895; x_wconf 85' lang='lat' dir='ltr'><strong>ium</strong></span> <span class='ocrx_word' id='word_1_42' title='bbox 186 832 433 918; x_wconf 82' lang='lat' dir='ltr'><strong>eorreptionem</strong></span> <span class='ocrx_word' id='word_1_43' title='bbox 451 834 577 896; x_wconf 86' lang='lat' dir='ltr'><strong>medine</strong></span> <span class='ocrx_word' id='word_1_44' title='bbox 598 833 760 920; x_wconf 75' lang='lat' dir='ltr'>syllabae,</span> <span class='ocrx_word' id='word_1_45' title='bbox 784 842 872 896; x_wconf 79' lang='lat' dir='ltr'><strong>certe</strong></span> <span class='ocrx_word' id='word_1_46' title='bbox 894 834 981 919; x_wconf 83' lang='lat' dir='ltr'><strong>apud</strong></span> <span class='ocrx_word' id='word_1_47' title='bbox 1007 837 1116 900; x_wconf 86' lang='lat' dir='ltr'><strong>sceni-</strong></span> 
     </span>
     <span class='ocr_line' id='line_1_8' title="bbox 100 916 1116 1008; baseline 0.005 -27"><span class='ocrx_word' id='word_1_48' title='bbox 100 938 138 981; x_wconf 80' lang='lat' dir='ltr'><strong>&gt;s.</strong></span> <span class='ocrx_word' id='word_1_49' title='bbox 185 918 297 998; x_wconf 83' lang='lat' dir='ltr'><strong>Quem</strong></span> <span class='ocrx_word' id='word_1_50' title='bbox 321 938 423 1003; x_wconf 90' lang='lat' dir='ltr'><strong>quum</strong></span> <span class='ocrx_word' id='word_1_51' title='bbox 447 917 669 982; x_wconf 80' lang='lat' dir='ltr'><strong>Grntefendus</strong></span> <span class='ocrx_word' id='word_1_52' title='bbox 691 926 856 1004; x_wconf 78' lang='lat' dir='ltr'><strong>negasset,</strong></span> <span class='ocrx_word' id='word_1_53' title='bbox 889 916 1021 1003; x_wconf 73' lang='lat' dir='ltr'><strong>b&#39;revem</strong></span> <span class='ocrx_word' id='word_1_54' title='bbox 1043 922 1116 1008; x_wconf 86' lang='lat' dir='ltr'><strong>syl-</strong></span> 
     </span>
     <span class='ocr_line' id='line_1_9' title="bbox 100 1001 1116 1071; baseline 0.007 -7"><span class='ocrx_word' id='word_1_55' title='bbox 100 1001 181 1065; x_wconf 88' lang='lat' dir='ltr'><strong>bnm</strong></span> <span class='ocrx_word' id='word_1_56' title='bbox 213 1003 356 1066; x_wconf 83' lang='lat' dir='ltr'><strong>medinm</strong></span> <span class='ocrx_word' id='word_1_57' title='bbox 389 1003 536 1067; x_wconf 82' lang='lat' dir='ltr'><strong>defendit</strong></span> <span class='ocrx_word' id='word_1_58' title='bbox 566 1004 808 1068; x_wconf 81' lang='lat' dir='ltr'><strong>Lindemannus</strong></span> <span class='ocrx_word' id='word_1_59' title='bbox 840 1001 978 1066; x_wconf 81' lang='lat' dir='ltr'><strong>afferens</strong></span> <span class='ocrx_word' id='word_1_60' title='bbox 1003 1026 1116 1071; x_wconf 83' lang='lat' dir='ltr'><strong>exem·</strong></span> 
     </span>
     <span class='ocr_line' id='line_1_10' title="bbox 100 1088 1117 1169; baseline 0.006 -19"><span class='ocrx_word' id='word_1_61' title='bbox 100 1092 165 1151; x_wconf 91' lang='lat' dir='ltr'><strong>lum</strong></span> <span class='ocrx_word' id='word_1_62' title='bbox 187 1089 337 1152; x_wconf 74' lang='lat' dir='ltr'><strong>&#39;ferentii</strong></span> <span class='ocrx_word' id='word_1_63' title='bbox 353 1089 457 1152; x_wconf 76' lang='lat' dir='ltr'><strong>Andr·</strong></span> <span class='ocrx_word' id='word_1_64' title='bbox 482 1092 520 1166; x_wconf 58' lang='lat' dir='ltr'><strong>tl,</strong></span> <span class='ocrx_word' id='word_1_65' title='bbox 536 1091 576 1169; x_wconf 83' lang='lat'><strong>4,</strong></span> <span class='ocrx_word' id='word_1_66' title='bbox 592 1095 644 1154; x_wconf 83' lang='lat'><strong>39.</strong></span> <span class='ocrx_word' id='word_1_67' title='bbox 687 1088 723 1152; x_wconf 93' lang='lat' dir='ltr'><strong>ld</strong></span> <span class='ocrx_word' id='word_1_68' title='bbox 749 1089 865 1152; x_wconf 79' lang='lat' dir='ltr'><strong>imitati</strong></span> <span class='ocrx_word' id='word_1_69' title='bbox 888 1088 1041 1155; x_wconf 80' lang='lat' dir='ltr'><strong>videntur</strong></span> <span class='ocrx_word' id='word_1_70' title='bbox 1063 1115 1117 1156; x_wconf 90' lang='lat' dir='ltr'><strong>re-</strong></span> 
     </span>
     <span class='ocr_line' id='line_1_11' title="bbox 100 1173 1116 1261; baseline 0.006 -24"><span class='ocrx_word' id='word_1_71' title='bbox 100 1174 252 1239; x_wconf 66' lang='lat' dir='ltr'><strong>tutissimi</strong></span> <span class='ocrx_word' id='word_1_72' title='bbox 274 1184 401 1261; x_wconf 79' lang='lat' dir='ltr'><strong>poetae.</strong></span> <span class='ocrx_word' id='word_1_73' title='bbox 445 1174 508 1238; x_wconf 87' lang='lat' dir='ltr'><strong>Sed</strong></span> <span class='ocrx_word' id='word_1_74' title='bbox 524 1196 565 1237; x_wconf 87' lang='lat' dir='ltr'><strong>ne</strong></span> <span class='ocrx_word' id='word_1_75' title='bbox 579 1175 610 1238; x_wconf 88' lang='lat' dir='ltr'><strong>in</strong></span> <span class='ocrx_word' id='word_1_76' title='bbox 629 1173 758 1237; x_wconf 84' lang='lat' dir='ltr'><strong>luvenei</strong></span> <span class='ocrx_word' id='word_1_77' title='bbox 775 1175 893 1258; x_wconf 81' lang='lat' dir='ltr'><strong>Evnng.</strong></span> <span class='ocrx_word' id='word_1_78' title='bbox 914 1175 996 1241; x_wconf 85' lang='lat' dir='ltr'><strong>Hist.</strong></span> <span class='ocrx_word' id='word_1_79' title='bbox 1015 1182 1047 1259; x_wconf 85' lang='grc'><strong>9,</strong></span> <span class='ocrx_word' id='word_1_80' title='bbox 1063 1181 1116 1243; x_wconf 87' lang='grc'><strong>80.</strong></span> 
     </span>
     <span class='ocr_line' id='line_1_12' title="bbox 100 1257 1117 1345; baseline 0.009 -26"><span class='ocrx_word' id='word_1_81' title='bbox 100 1270 252 1345; x_wconf 70' lang='lat' dir='ltr'><strong>igeretur:</strong></span> <span class='ocrx_word' id='word_1_82' title='bbox 281 1258 340 1323; x_wconf 83' lang='lat' dir='ltr'><strong>iile</strong></span> <span class='ocrx_word' id='word_1_83' title='bbox 357 1257 447 1322; x_wconf 81' lang='lat' dir='ltr'><strong>iubet</strong></span> <span class='ocrx_word' id='word_1_84' title='bbox 464 1260 592 1323; x_wconf 81' lang='lat' dir='ltr'><strong>cunetis</strong></span> <span class='ocrx_word' id='word_1_85' title='bbox 608 1258 736 1323; x_wconf 79' lang='lat' dir='ltr'><strong>ibidem</strong></span> <span class='ocrx_word' id='word_1_86' title='bbox 762 1258 914 1323; x_wconf 74' lang='lat' dir='ltr'><strong>convivia</strong></span> <span class='ocrx_word' id='word_1_87' title='bbox 925 1260 1011 1343; x_wconf 85' lang='lat' dir='ltr'><strong>poni</strong></span> <span class='ocrx_word' id='word_1_88' title='bbox 1017 1288 1028 1325; x_wconf 90' lang='lat'><strong>.·</strong></span> <span class='ocrx_word' id='word_1_89' title='bbox 1050 1264 1117 1328; x_wconf 86' lang='lat' dir='ltr'><strong>inm</strong></span> 
     </span>
     <span class='ocr_line' id='line_1_13' title="bbox 103 1343 1117 1430; baseline 0.005 -23"><span class='ocrx_word' id='word_1_90' title='bbox 103 1344 191 1408; x_wconf 81' lang='lat' dir='ltr'><strong>udins</strong></span> <span class='ocrx_word' id='word_1_91' title='bbox 208 1345 380 1408; x_wconf 86' lang='lat' dir='ltr'><strong>Ascensius</strong></span> <span class='ocrx_word' id='word_1_92' title='bbox 396 1345 526 1430; x_wconf 82' lang='lat' dir='ltr'><strong>scripsit</strong></span> <span class='ocrx_word' id='word_1_93' title='bbox 541 1345 669 1409; x_wconf 82' lang='lat' dir='ltr'><strong>cunetis</strong></span> <span class='ocrx_word' id='word_1_94' title='bbox 683 1344 765 1408; x_wconf 82' lang='lat' dir='ltr'><strong>illie.</strong></span> <span class='ocrx_word' id='word_1_95' title='bbox 807 1343 849 1407; x_wconf 86' lang='lat' dir='ltr'><strong>Et</strong></span> <span class='ocrx_word' id='word_1_96' title='bbox 864 1343 1028 1410; x_wconf 77' lang='lat' dir='ltr'><strong>Paullinun</strong></span> <span class='ocrx_word' id='word_1_97' title='bbox 1044 1348 1117 1412; x_wconf 89' lang='lat' dir='ltr'><strong>No-</strong></span> 
     </span>
     <span class='ocr_line' id='line_1_14' title="bbox 100 1428 1163 1517; baseline 0.007 -26"><span class='ocrx_word' id='word_1_98' title='bbox 100 1451 165 1494; x_wconf 85' lang='lat' dir='ltr'><strong>mus</strong></span> <span class='ocrx_word' id='word_1_99' title='bbox 179 1432 214 1494; x_wconf 91' lang='lat' dir='ltr'><strong>in</strong></span> <span class='ocrx_word' id='word_1_100' title='bbox 230 1452 330 1493; x_wconf 81' lang='lat' dir='ltr'><strong>carm.</strong></span> <span class='ocrx_word' id='word_1_101' title='bbox 351 1440 465 1493; x_wconf 83' lang='lat' dir='ltr'><strong>contre</strong></span> <span class='ocrx_word' id='word_1_102' title='bbox 483 1441 598 1517; x_wconf 80' lang='lat' dir='ltr'><strong>poetes</strong></span> <span class='ocrx_word' id='word_1_103' title='bbox 620 1451 730 1508; x_wconf 86' lang='lat' dir='ltr'><strong>vnnns,</strong></span> <span class='ocrx_word' id='word_1_104' title='bbox 756 1429 843 1514; x_wconf 87' lang='lat' dir='ltr'><strong>qnod</strong></span> <span class='ocrx_word' id='word_1_105' title='bbox 860 1428 914 1491; x_wconf 85' lang='lat' dir='ltr'><strong>elii</strong></span> <span class='ocrx_word' id='word_1_106' title='bbox 933 1431 1115 1498; x_wconf 86' lang='lat' dir='ltr'><strong>Clnudinnn</strong></span> <span class='ocrx_word' id='word_1_107' title='bbox 1159 1428 1163 1438; x_wconf 59' lang='lat'><strong>¹</strong></span> 
     </span>
     <span class='ocr_line' id='line_1_15' title="bbox 100 1512 1118 1602; baseline 0.006 -26"><span class='ocrx_word' id='word_1_108' title='bbox 100 1513 237 1579; x_wconf 76' lang='lat' dir='ltr'><strong>lumerto</strong></span> <span class='ocrx_word' id='word_1_109' title='bbox 259 1514 428 1591; x_wconf 85' lang='lat' dir='ltr'><strong>tribuunt,</strong></span> <span class='ocrx_word' id='word_1_110' title='bbox 455 1535 483 1578; x_wconf 87' lang='lat' dir='ltr'><strong>v.</strong></span> <span class='ocrx_word' id='word_1_111' title='bbox 498 1517 550 1583; x_wconf 88' lang='lat'><strong>48.</strong></span> <span class='ocrx_word' id='word_1_112' title='bbox 578 1536 758 1602; x_wconf 80' lang='lat' dir='ltr'><strong>cognosces</strong></span> <span class='ocrx_word' id='word_1_113' title='bbox 780 1512 907 1578; x_wconf 79' lang='lat' dir='ltr'><strong>ibidem</strong></span> <span class='ocrx_word' id='word_1_114' title='bbox 928 1536 971 1578; x_wconf 84' lang='lat' dir='ltr'><strong>ne</strong></span> <span class='ocrx_word' id='word_1_115' title='bbox 985 1538 1050 1602; x_wconf 85' lang='lat' dir='ltr'><strong>per</strong></span> <span class='ocrx_word' id='word_1_116' title='bbox 1077 1541 1118 1582; x_wconf 81' lang='lat' dir='ltr'><strong>ns</strong></span> 
     </span>
     <span class='ocr_line' id='line_1_16' title="bbox 100 1596 1118 1689; baseline 0.008 -28"><span class='ocrx_word' id='word_1_117' title='bbox 100 1596 322 1689; x_wconf 62' lang='lat' dir='ltr'><strong>ruderejatisss</strong></span> <span class='ocrx_word' id='word_1_118' title='bbox 363 1601 514 1664; x_wconf 83' lang='lat' dir='ltr'><strong>Ceterum</strong></span> <span class='ocrx_word' id='word_1_119' title='bbox 543 1601 583 1664; x_wconf 89' lang='lat' dir='ltr'><strong>de</strong></span> <span class='ocrx_word' id='word_1_120' title='bbox 606 1611 740 1664; x_wconf 84' lang='lat' dir='ltr'><strong>necentu</strong></span> <span class='ocrx_word' id='word_1_121' title='bbox 766 1600 800 1664; x_wconf 91' lang='lat' dir='ltr'><strong>in</strong></span> <span class='ocrx_word' id='word_1_122' title='bbox 825 1599 967 1665; x_wconf 80' lang='lat' dir='ltr'><strong>secunda</strong></span> <span class='ocrx_word' id='word_1_123' title='bbox 991 1624 1029 1689; x_wconf 79' lang='lat' dir='ltr'><strong>sy</strong></span> <span class='ocrx_word' id='word_1_124' title='bbox 1058 1602 1118 1670; x_wconf 77' lang='lat' dir='ltr'><strong>aba</strong></span> 
     </span>
     <span class='ocr_line' id='line_1_17' title="bbox 100 1685 863 1774; baseline 0.003 -28"><span class='ocrx_word' id='word_1_125' title='bbox 100 1687 229 1752; x_wconf 75' lang='lat' dir='ltr'><strong>tenendo</strong></span> <span class='ocrx_word' id='word_1_126' title='bbox 248 1685 314 1773; x_wconf 82' lang='lat' dir='ltr'><strong>agit</strong></span> <span class='ocrx_word' id='word_1_127' title='bbox 330 1685 460 1750; x_wconf 86' lang='lat' dir='ltr'><strong>Servius</strong></span> <span class='ocrx_word' id='word_1_128' title='bbox 478 1685 519 1750; x_wconf 86' lang='lat' dir='ltr'><strong>ed</strong></span> <span class='ocrx_word' id='word_1_129' title='bbox 536 1687 628 1774; x_wconf 85' lang='lat' dir='ltr'><strong>Virg.</strong></span> <span class='ocrx_word' id='word_1_130' title='bbox 644 1690 725 1750; x_wconf 88' lang='lat' dir='ltr'><strong>Aen.</strong></span> <span class='ocrx_word' id='word_1_131' title='bbox 744 1692 772 1766; x_wconf 92' lang='lat'><strong>1,</strong></span> <span class='ocrx_word' id='word_1_132' title='bbox 791 1688 863 1750; x_wconf 88' lang='grc'><strong>116.</strong></span> 
     </span>
    </p>
   </div>
   <div class='ocr_carea' id='block_1_3' title="bbox 156 1822 1113 1913">
    <p class='ocr_par' dir='ltr' id='par_1_3' title="bbox 156 1822 1113 1913">
     <span class='ocr_line' id='line_1_18' title="bbox 156 1822 1113 1913; baseline -0.005 -24"><span class='ocrx_word' id='word_1_133' title='bbox 156 1823 182 1890; x_wconf 91' lang='lat' dir='ltr'><strong>l.</strong></span> <span class='ocrx_word' id='word_1_134' title='bbox 213 1831 243 1889; x_wconf 91' lang='lat'><strong>1.</strong></span> <span class='ocrx_word' id='word_1_135' title='bbox 269 1824 436 1913; x_wconf 82' lang='lat' dir='ltr'><strong>Significat</strong></span> <span class='ocrx_word' id='word_1_136' title='bbox 450 1827 549 1913; x_wconf 83' lang='lat' dir='ltr'><strong>igitur</strong></span> <span class='ocrx_word' id='word_1_137' title='bbox 562 1826 601 1890; x_wconf 82' lang='lat' dir='ltr'><strong>in</strong></span> <span class='ocrx_word' id='word_1_138' title='bbox 619 1824 736 1890; x_wconf 85' lang='lat' dir='ltr'><strong>eodem</strong></span> <span class='ocrx_word' id='word_1_139' title='bbox 751 1825 842 1890; x_wconf 78' lang='lat' dir='ltr'><em>loco.-</em></span> <span class='ocrx_word' id='word_1_140' title='bbox 864 1822 1025 1893; x_wconf 84' lang='lat' dir='ltr'><strong>dasdbst.</strong></span> <span class='ocrx_word' id='word_1_141' title='bbox 1108 1872 1113 1884; x_wconf 86' lang='grc'><em>,</em></span> 
     </span>
    </p>
   </div>
   <div class='ocr_carea' id='block_1_4' title="bbox 145 1926 1119 2100">
    <p class='ocr_par' dir='ltr' id='par_1_4' title="bbox 145 1926 1119 2100">
     <span class='ocr_line' id='line_1_19' title="bbox 176 1926 1118 2016; baseline 0.004 -20"><span class='ocrx_word' id='word_1_142' title='bbox 176 1945 290 1998; x_wconf 86' lang='lat' dir='ltr'><strong>Terent.</strong></span> <span class='ocrx_word' id='word_1_143' title='bbox 309 1947 393 1999; x_wconf 83' lang='lat' dir='ltr'><strong>Andr.</strong></span> <span class='ocrx_word' id='word_1_144' title='bbox 407 1945 433 2012; x_wconf 78' lang='grc'><strong>4,</strong></span> <span class='ocrx_word' id='word_1_145' title='bbox 448 1942 474 2012; x_wconf 86' lang='grc'><strong>4,</strong></span> <span class='ocrx_word' id='word_1_146' title='bbox 491 1944 535 1998; x_wconf 73' lang='lat'><strong>37.</strong></span> <span class='ocrx_word' id='word_1_147' title='bbox 562 1946 616 1998; x_wconf 81' lang='lat' dir='ltr'><strong>nisi</strong></span> <span class='ocrx_word' id='word_1_148' title='bbox 628 1963 738 2014; x_wconf 80' lang='lat' dir='ltr'><strong>puerum</strong></span> <span class='ocrx_word' id='word_1_149' title='bbox 753 1944 834 2008; x_wconf 83' lang='lat' dir='ltr'><strong>tellis,</strong></span> <span class='ocrx_word' id='word_1_150' title='bbox 846 1926 909 1998; x_wconf 72' lang='lat' dir='ltr'><strong>¹iuni</strong></span> <span class='ocrx_word' id='word_1_151' title='bbox 931 1964 981 2016; x_wconf 85' lang='lat' dir='ltr'><strong>ego</strong></span> <span class='ocrx_word' id='word_1_152' title='bbox 999 1946 1069 2001; x_wconf 76' lang='lat' dir='ltr'><strong>butte</strong></span> <span class='ocrx_word' id='word_1_153' title='bbox 1088 1947 1118 2000; x_wconf 82' lang='lat' dir='ltr'><strong>in</strong></span> 
     </span>
     <span class='ocr_line' id='line_1_20' title="bbox 145 2027 1119 2100; baseline 0.003 -17"><span class='ocrx_word' id='word_1_154' title='bbox 145 2031 257 2083; x_wconf 80' lang='lat' dir='ltr'><strong>mediam</strong></span> <span class='ocrx_word' id='word_1_155' title='bbox 272 2030 344 2083; x_wconf 79' lang='lat' dir='ltr'><strong>uiam</strong></span> <span class='ocrx_word' id='word_1_156' title='bbox 358 2033 522 2100; x_wconf 73' lang='lat' dir='ltr'><strong>prandiam,</strong></span> <span class='ocrx_word' id='word_1_157' title='bbox 538 2037 611 2098; x_wconf 79' lang='lat' dir='ltr'><strong>teque</strong></span> <span class='ocrx_word' id='word_1_158' title='bbox 627 2031 721 2081; x_wconf 84' lang='lat' dir='ltr'><strong>ibidem</strong></span> <span class='ocrx_word' id='word_1_159' title='bbox 733 2030 880 2099; x_wconf 80' lang='lat' dir='ltr'><strong>pervolvam</strong></span> <span class='ocrx_word' id='word_1_160' title='bbox 894 2027 923 2080; x_wconf 81' lang='lat' dir='ltr'><strong>in</strong></span> <span class='ocrx_word' id='word_1_161' title='bbox 938 2030 999 2082; x_wconf 77' lang='lat' dir='ltr'><strong>inin.</strong></span> <span class='ocrx_word' id='word_1_162' title='bbox 1028 2031 1119 2087; x_wconf 71' lang='lat' dir='ltr'><strong>Plani</strong></span> 
     </span>
    </p>
   </div>
   <div class='ocr_carea' id='block_1_5' title="bbox 143 2108 1118 2252">
    <p class='ocr_par' dir='ltr' id='par_1_5' title="bbox 143 2108 1118 2252">
     <span class='ocr_line' id='line_1_21' title="bbox 143 2108 1118 2188; baseline 0.002 -20"><span class='ocrx_word' id='word_1_163' title='bbox 143 2115 223 2168; x_wconf 84' lang='lat' dir='ltr'><strong>llere.</strong></span> <span class='ocrx_word' id='word_1_164' title='bbox 240 2116 267 2180; x_wconf 79' lang='lat'><strong>2,</strong></span> <span class='ocrx_word' id='word_1_165' title='bbox 282 2115 308 2179; x_wconf 82' lang='lat'><strong>3,</strong></span> <span class='ocrx_word' id='word_1_166' title='bbox 324 2112 367 2188; x_wconf 87' lang='grc'><strong>99.</strong></span> <span class='ocrx_word' id='word_1_167' title='bbox 390 2115 488 2168; x_wconf 79' lang='lat' dir='ltr'><strong>ibidem</strong></span> <span class='ocrx_word' id='word_1_168' title='bbox 502 2113 568 2168; x_wconf 80' lang='lat' dir='ltr'><strong>milii</strong></span> <span class='ocrx_word' id='word_1_169' title='bbox 582 2115 662 2167; x_wconf 81' lang='lat' dir='ltr'><strong>eliam</strong></span> <span class='ocrx_word' id='word_1_170' title='bbox 682 2129 750 2165; x_wconf 82' lang='lat' dir='ltr'><strong>nme</strong></span> <span class='ocrx_word' id='word_1_171' title='bbox 770 2113 892 2165; x_wconf 78' lang='lat' dir='ltr'><strong>adnutat.</strong></span> <span class='ocrx_word' id='word_1_172' title='bbox 917 2108 1061 2185; x_wconf 73' lang='lat' dir='ltr'><strong>intellige,</strong></span> <span class='ocrx_word' id='word_1_173' title='bbox 1083 2132 1118 2170; x_wconf 81' lang='lat' dir='ltr'><strong>ex</strong></span> 
     </span>
     <span class='ocr_line' id='line_1_22' title="bbox 146 2198 1005 2252; baseline -0.001 0"><span class='ocrx_word' id='word_1_174' title='bbox 146 2201 238 2252; x_wconf 83' lang='lat' dir='ltr'><strong>endem</strong></span> <span class='ocrx_word' id='word_1_175' title='bbox 251 2201 321 2252; x_wconf 85' lang='lat' dir='ltr'><strong>loen.</strong></span> <span class='ocrx_word' id='word_1_176' title='bbox 630 2198 633 2203; x_wconf 78' lang='grc'><strong>’</strong></span> <span class='ocrx_word' id='word_1_177' title='bbox 1000 2202 1005 2209; x_wconf 83' lang='grc'><em>“</em></span> 
     </span>
    </p>
   </div>
   <div class='ocr_carea' id='block_1_6' title="bbox 100 2316 1120 2571">
    <p class='ocr_par' dir='ltr' id='par_1_6' title="bbox 100 2316 1120 2571">
     <span class='ocr_line' id='line_1_23' title="bbox 160 2316 1118 2418; baseline 0 -18"><span class='ocrx_word' id='word_1_178' title='bbox 160 2341 188 2400; x_wconf 84' lang='grc'><strong>2.</strong></span> <span class='ocrx_word' id='word_1_179' title='bbox 217 2333 436 2418; x_wconf 76' lang='lat' dir='ltr'><strong>coniungitur</strong></span> <span class='ocrx_word' id='word_1_180' title='bbox 463 2331 622 2418; x_wconf 76' lang='lat' dir='ltr'><strong>particula</strong></span> <span class='ocrx_word' id='word_1_181' title='bbox 648 2351 723 2395; x_wconf 87' lang='lat' dir='ltr'><strong>cum</strong></span> <span class='ocrx_word' id='word_1_182' title='bbox 754 2316 891 2395; x_wconf 81' lang='lat' dir='ltr'><strong>nemine</strong></span> <span class='ocrx_word' id='word_1_183' title='bbox 911 2331 1013 2418; x_wconf 85' lang='lat' dir='ltr'><strong>ipsius</strong></span> <span class='ocrx_word' id='word_1_184' title='bbox 1040 2333 1118 2416; x_wconf 86' lang='lat' dir='ltr'><strong>loni,</strong></span> 
     </span>
     <span class='ocr_line' id='line_1_24' title="bbox 100 2418 1120 2512; baseline 0.004 -30"><span class='ocrx_word' id='word_1_185' title='bbox 100 2425 115 2476; x_wconf 84' lang='lat' dir='ltr'><strong>t</strong></span> <span class='ocrx_word' id='word_1_186' title='bbox 137 2419 290 2486; x_wconf 87' lang='lat' dir='ltr'><strong>indicetur</strong></span> <span class='ocrx_word' id='word_1_187' title='bbox 312 2442 387 2484; x_wconf 86' lang='lat' dir='ltr'><strong>eum</strong></span> <span class='ocrx_word' id='word_1_188' title='bbox 410 2440 478 2479; x_wconf 84' lang='lat' dir='ltr'><strong>esse</strong></span> <span class='ocrx_word' id='word_1_189' title='bbox 501 2419 673 2493; x_wconf 84' lang='lat' dir='ltr'><strong>eumdem,</strong></span> <span class='ocrx_word' id='word_1_190' title='bbox 705 2418 761 2488; x_wconf 78' lang='lat' dir='ltr'><strong>eut</strong></span> <span class='ocrx_word' id='word_1_191' title='bbox 781 2425 819 2479; x_wconf 90' lang='lat' dir='ltr'><strong>ut</strong></span> <span class='ocrx_word' id='word_1_192' title='bbox 840 2438 964 2505; x_wconf 74' lang='lat' dir='ltr'><strong>nemen</strong></span> <span class='ocrx_word' id='word_1_193' title='bbox 980 2420 1120 2512; x_wconf 80' lang='lat' dir='ltr'><strong>apposi-</strong></span> 
     </span>
     <span class='ocr_line' id='line_1_25' title="bbox 100 2503 637 2571; baseline -0.009 0"><span class='ocrx_word' id='word_1_194' title='bbox 100 2520 151 2570; x_wconf 72' lang='lat' dir='ltr'><strong>lm</strong></span> <span class='ocrx_word' id='word_1_195' title='bbox 165 2507 342 2571; x_wconf 85' lang='lat' dir='ltr'><strong>distinctius</strong></span> <span class='ocrx_word' id='word_1_196' title='bbox 361 2503 492 2566; x_wconf 76' lang='lat' dir='ltr'><strong>deliniet</strong></span> <span class='ocrx_word' id='word_1_197' title='bbox 515 2504 637 2566; x_wconf 86' lang='lat' dir='ltr'><strong>locum.</strong></span> 
     </span>
    </p>
   </div>
   <div class='ocr_carea' id='block_1_7' title="bbox 147 2592 1121 2856">
    <p class='ocr_par' dir='ltr' id='par_1_7' title="bbox 147 2592 1121 2856">
     <span class='ocr_line' id='line_1_26' title="bbox 175 2592 1120 2692; baseline -0.003 -13"><span class='ocrx_word' id='word_1_198' title='bbox 175 2628 265 2679; x_wconf 75' lang='lat' dir='ltr'><strong>enni.</strong></span> <span class='ocrx_word' id='word_1_199' title='bbox 288 2627 365 2692; x_wconf 78' lang='lat' dir='ltr'><strong>capt.</strong></span> <span class='ocrx_word' id='word_1_200' title='bbox 389 2623 465 2676; x_wconf 71' lang='lat' dir='ltr'><strong>ern.</strong></span> <span class='ocrx_word' id='word_1_201' title='bbox 486 2621 529 2675; x_wconf 74' lang='lat' dir='ltr'><strong>en.</strong></span> <span class='ocrx_word' id='word_1_202' title='bbox 566 2592 679 2677; x_wconf 71' lang='lat' dir='ltr'><strong>mininis</strong></span> <span class='ocrx_word' id='word_1_203' title='bbox 709 2619 864 2675; x_wconf 63' lang='lat' dir='ltr'><strong>unauna·</strong></span> <span class='ocrx_word' id='word_1_204' title='bbox 888 2620 950 2672; x_wconf 73' lang='lat' dir='ltr'><strong>emis</strong></span> <span class='ocrx_word' id='word_1_205' title='bbox 973 2621 1068 2674; x_wconf 57' lang='lat' dir='ltr'><strong>iinon</strong></span> <span class='ocrx_word' id='word_1_206' title='bbox 1090 2623 1120 2677; x_wconf 73' lang='lat' dir='ltr'><strong>n</strong></span> 
     </span>
     <span class='ocr_line' id='line_1_27' title="bbox 147 2703 1121 2791; baseline -0.004 -26"><span class='ocrx_word' id='word_1_207' title='bbox 147 2714 226 2764; x_wconf 85' lang='lat' dir='ltr'><strong>Alide.</strong></span> <span class='ocrx_word' id='word_1_208' title='bbox 261 2712 341 2763; x_wconf 83' lang='lat' dir='ltr'><strong>Most.</strong></span> <span class='ocrx_word' id='word_1_209' title='bbox 359 2708 385 2773; x_wconf 82' lang='lat'><strong>2,</strong></span> <span class='ocrx_word' id='word_1_210' title='bbox 400 2708 427 2772; x_wconf 83' lang='lat'><strong>2,</strong></span> <span class='ocrx_word' id='word_1_211' title='bbox 441 2706 484 2758; x_wconf 75' lang='lat'><strong>70.</strong></span> <span class='ocrx_word' id='word_1_212' title='bbox 502 2708 574 2773; x_wconf 77' lang='lat' dir='ltr'><strong>isqne</strong></span> <span class='ocrx_word' id='word_1_213' title='bbox 590 2723 630 2761; x_wconf 84' lang='lat' dir='ltr'><strong>me</strong></span> <span class='ocrx_word' id='word_1_214' title='bbox 648 2705 748 2772; x_wconf 79' lang='lat' dir='ltr'><strong>desedit</strong></span> <span class='ocrx_word' id='word_1_215' title='bbox 762 2703 918 2791; x_wconf 63' lang='lat' dir='ltr'><strong>insepultum</strong></span> <span class='ocrx_word' id='word_1_216' title='bbox 939 2703 1008 2759; x_wconf 80' lang='lat' dir='ltr'><strong>elam</strong></span> <span class='ocrx_word' id='word_1_217' title='bbox 1024 2705 1121 2766; x_wconf 74' lang='lat' dir='ltr'><strong>itidem</strong></span> 
     </span>
     <span class='ocr_line' id='line_1_28' title="bbox 147 2788 958 2856; baseline -0.018 -6"><span class='ocrx_word' id='word_1_218' title='bbox 147 2798 172 2850; x_wconf 84' lang='lat' dir='ltr'><strong>in</strong></span> <span class='ocrx_word' id='word_1_219' title='bbox 185 2800 253 2850; x_wconf 76' lang='lat' dir='ltr'><strong>hisee</strong></span> <span class='ocrx_word' id='word_1_220' title='bbox 267 2788 390 2847; x_wconf 66' lang='lat' dir='ltr'><strong>nedibus*</strong></span> <span class='ocrx_word' id='word_1_221' title='bbox 412 2792 479 2844; x_wconf 76' lang='lat' dir='ltr'><strong>cist.</strong></span> <span class='ocrx_word' id='word_1_222' title='bbox 492 2790 518 2856; x_wconf 76' lang='grc'><strong>5,</strong></span> <span class='ocrx_word' id='word_1_223' title='bbox 532 2789 559 2847; x_wconf 72' lang='lat'><strong>7.</strong></span> <span class='ocrx_word' id='word_1_224' title='bbox 577 2792 649 2844; x_wconf 75' lang='lat' dir='ltr'><strong>intus</strong></span> <span class='ocrx_word' id='word_1_225' title='bbox 662 2790 757 2841; x_wconf 82' lang='lat' dir='ltr'><strong>ibidem</strong></span> <span class='ocrx_word' id='word_1_226' title='bbox 772 2802 835 2844; x_wconf 64' lang='lat' dir='ltr'><strong>vxor</strong></span> <span class='ocrx_word' id='word_1_227' title='bbox 849 2792 897 2837; x_wconf 81' lang='lat' dir='ltr'><strong>tua</strong></span> <span class='ocrx_word' id='word_1_228' title='bbox 913 2792 958 2845; x_wconf 76' lang='lat' dir='ltr'><strong>est,</strong></span> 
     </span>
    </p>
   </div>
   <div class='ocr_carea' id='block_1_8' title="bbox 134 2878 1161 3390">
    <p class='ocr_par' dir='ltr' id='par_1_8' title="bbox 134 2878 1161 3390">
     <span class='ocr_line' id='line_1_29' title="bbox 134 2878 1121 2960; baseline -0.012 -7"><span class='ocrx_word' id='word_1_229' title='bbox 134 2878 137 2884; x_wconf 29' lang='grc' dir='ltr'>Ι</span> <span class='ocrx_word' id='word_1_230' title='bbox 176 2898 232 2953; x_wconf 83' lang='lat' dir='ltr'><strong>Cin.</strong></span> <span class='ocrx_word' id='word_1_231' title='bbox 251 2899 285 2950; x_wconf 84' lang='lat' dir='ltr'><strong>ds</strong></span> <span class='ocrx_word' id='word_1_232' title='bbox 300 2899 356 2949; x_wconf 83' lang='lat' dir='ltr'><strong>lnv.</strong></span> <span class='ocrx_word' id='word_1_233' title='bbox 367 2895 392 2960; x_wconf 78' lang='lat'><strong>2,</strong></span> <span class='ocrx_word' id='word_1_234' title='bbox 401 2893 511 2958; x_wconf 60' lang='lat' dir='ltr'><strong>enlm.</strong></span> <span class='ocrx_word' id='word_1_235' title='bbox 532 2903 561 2947; x_wconf 80' lang='lat' dir='ltr'><strong>ut</strong></span> <span class='ocrx_word' id='word_1_236' title='bbox 574 2921 611 2936; x_wconf 69' lang='grc' dir='ltr'><strong>-ν</strong></span> <span class='ocrx_word' id='word_1_237' title='bbox 625 2893 670 2945; x_wconf 82' lang='lat' dir='ltr'><strong>ills</strong></span> <span class='ocrx_word' id='word_1_238' title='bbox 684 2899 780 2953; x_wconf 75' lang='lat' dir='ltr'><strong>nutem,</strong></span> <span class='ocrx_word' id='word_1_239' title='bbox 799 2888 870 2940; x_wconf 79' lang='lat' dir='ltr'><strong>enim</strong></span> <span class='ocrx_word' id='word_1_240' title='bbox 883 2904 979 2943; x_wconf 79' lang='lat' dir='ltr'><strong>merses</strong></span> <span class='ocrx_word' id='word_1_241' title='bbox 991 2894 1075 2954; x_wconf 81' lang='lat' dir='ltr'><strong>erant,</strong></span> <span class='ocrx_word' id='word_1_242' title='bbox 1093 2889 1121 2946; x_wconf 83' lang='lat' dir='ltr'><strong>in</strong></span> 
     </span>
     <span class='ocr_line' id='line_1_30' title="bbox 144 2970 1161 3055; baseline -0.017 -18"><span class='ocrx_word' id='word_1_243' title='bbox 144 2985 262 3055; x_wconf 79' lang='lat' dir='ltr'><strong>gladium</strong></span> <span class='ocrx_word' id='word_1_244' title='bbox 283 2985 312 3034; x_wconf 86' lang='lat' dir='ltr'><strong>in</strong></span> <span class='ocrx_word' id='word_1_245' title='bbox 336 2981 400 3032; x_wconf 84' lang='lat' dir='ltr'><strong>nani</strong></span> <span class='ocrx_word' id='word_1_246' title='bbox 422 2981 514 3031; x_wconf 82' lang='lat' dir='ltr'><strong>ibidem</strong></span> <span class='ocrx_word' id='word_1_247' title='bbox 536 2979 702 3031; x_wconf 72' lang='lat' dir='ltr'><strong>inmunberel.</strong></span> <span class='ocrx_word' id='word_1_248' title='bbox 744 2973 877 3049; x_wconf 61' lang='lat' dir='ltr'><strong>videntum</strong></span> <span class='ocrx_word' id='word_1_249' title='bbox 901 2970 987 3023; x_wconf 78' lang='lat' dir='ltr'><strong>verba</strong></span> <span class='ocrx_word' id='word_1_250' title='bbox 1009 2971 1037 3028; x_wconf 82' lang='lat' dir='ltr'><strong>in</strong></span> <span class='ocrx_word' id='word_1_251' title='bbox 1059 2974 1122 3045; x_wconf 63' lang='lat' dir='ltr'><strong>nani</strong></span> <span class='ocrx_word' id='word_1_252' title='bbox 1160 3039 1161 3042; x_wconf 8' lang='grc' dir='ltr'><strong>Ἴ</strong></span> 
     </span>
     <span class='ocr_line' id='line_1_31' title="bbox 150 3051 1121 3137; baseline -0.013 -16"><span class='ocrx_word' id='word_1_253' title='bbox 150 3071 329 3137; x_wconf 81' lang='lat' dir='ltr'><strong>nglnssntore</strong></span> <span class='ocrx_word' id='word_1_254' title='bbox 346 3065 467 3117; x_wconf 69' lang='lat' dir='ltr'><strong>adiectas</strong></span> <span class='ocrx_word' id='word_1_255' title='bbox 487 3062 586 3129; x_wconf 83' lang='lat' dir='ltr'><strong>quibus</strong></span> <span class='ocrx_word' id='word_1_256' title='bbox 601 3059 723 3123; x_wconf 83' lang='lat' dir='ltr'><strong>omissis,</strong></span> <span class='ocrx_word' id='word_1_257' title='bbox 745 3065 835 3113; x_wconf 81' lang='lat' dir='ltr'><strong>tumen</strong></span> <span class='ocrx_word' id='word_1_258' title='bbox 856 3051 1022 3122; x_wconf 81' lang='lat' dir='ltr'><strong>intelligitur</strong></span> <span class='ocrx_word' id='word_1_259' title='bbox 1035 3053 1121 3113; x_wconf 73' lang='lat' dir='ltr'><strong>nevis.</strong></span> 
     </span>
     <span class='ocr_line' id='line_1_32' title="bbox 147 3141 1123 3212; baseline -0.012 -7"><span class='ocrx_word' id='word_1_260' title='bbox 147 3154 274 3205; x_wconf 81' lang='lat' dir='ltr'><strong>Dominus</strong></span> <span class='ocrx_word' id='word_1_261' title='bbox 290 3149 423 3202; x_wconf 82' lang='lat' dir='ltr'><strong>mercium</strong></span> <span class='ocrx_word' id='word_1_262' title='bbox 440 3147 512 3201; x_wconf 85' lang='lat' dir='ltr'><strong>euim</strong></span> <span class='ocrx_word' id='word_1_263' title='bbox 534 3163 587 3198; x_wconf 90' lang='lat' dir='ltr'><strong>uon</strong></span> <span class='ocrx_word' id='word_1_264' title='bbox 613 3143 725 3212; x_wconf 86' lang='lat' dir='ltr'><strong>reliquit</strong></span> <span class='ocrx_word' id='word_1_265' title='bbox 752 3158 869 3195; x_wconf 74' lang='lat' dir='ltr'><strong>nnvemz</strong></span> <span class='ocrx_word' id='word_1_266' title='bbox 890 3146 918 3190; x_wconf 83' lang='lat' dir='ltr'><strong>st</strong></span> <span class='ocrx_word' id='word_1_267' title='bbox 939 3141 1123 3206; x_wconf 70' lang='lat' dir='ltr'><strong>qnusrebuttm</strong></span> 
     </span>
     <span class='ocr_line' id='line_1_33' title="bbox 148 3223 1123 3306; baseline -0.018 -16"><span class='ocrx_word' id='word_1_268' title='bbox 148 3238 250 3306; x_wconf 81' lang='lat' dir='ltr'><strong>potius,</strong></span> <span class='ocrx_word' id='word_1_269' title='bbox 268 3253 332 3287; x_wconf 89' lang='lat' dir='ltr'><strong>num</strong></span> <span class='ocrx_word' id='word_1_270' title='bbox 347 3234 385 3298; x_wconf 85' lang='lat' dir='ltr'><strong>is,</strong></span> <span class='ocrx_word' id='word_1_271' title='bbox 404 3232 454 3299; x_wconf 87' lang='lat' dir='ltr'><strong>qui</strong></span> <span class='ocrx_word' id='word_1_272' title='bbox 473 3232 507 3283; x_wconf 82' lang='lat' dir='ltr'><strong>de</strong></span> <span class='ocrx_word' id='word_1_273' title='bbox 522 3229 598 3289; x_wconf 76' lang='lat' dir='ltr'><strong>vitae</strong></span> <span class='ocrx_word' id='word_1_274' title='bbox 613 3230 731 3287; x_wconf 79' lang='lat' dir='ltr'><strong>statinus</strong></span> <span class='ocrx_word' id='word_1_275' title='bbox 751 3223 914 3291; x_wconf 67' lang='lat' dir='ltr'><strong>decesserit,</strong></span> <span class='ocrx_word' id='word_1_276' title='bbox 932 3238 1031 3281; x_wconf 75' lang='lat' dir='ltr'><strong>navem</strong></span> <span class='ocrx_word' id='word_1_277' title='bbox 1052 3223 1123 3283; x_wconf 58' lang='lat' dir='ltr'><strong>reli„</strong></span> 
     </span>
     <span class='ocr_line' id='line_1_34' title="bbox 150 3304 992 3390; baseline -0.017 -16"><span class='ocrx_word' id='word_1_278' title='bbox 150 3322 236 3390; x_wconf 80' lang='lat' dir='ltr'><strong>quisse</strong></span> <span class='ocrx_word' id='word_1_279' title='bbox 254 3319 339 3372; x_wconf 83' lang='lat' dir='ltr'><strong>videri</strong></span> <span class='ocrx_word' id='word_1_280' title='bbox 354 3322 451 3386; x_wconf 79' lang='lat' dir='ltr'><strong>posset.</strong></span> <span class='ocrx_word' id='word_1_281' title='bbox 902 3312 905 3317; x_wconf 81' lang='lat'>&#39;</span> <span class='ocrx_word' id='word_1_282' title='bbox 988 3304 992 3319; x_wconf 70' lang='lat'>¹</span> 
     </span>
    </p>
   </div>
   <div class='ocr_carea' id='block_1_9' title="bbox 162 3439 1150 3544">
    <p class='ocr_par' dir='ltr' id='par_1_9' title="bbox 162 3439 1150 3544">
     <span class='ocr_line' id='line_1_35' title="bbox 162 3439 1150 3544; baseline -0.018 -23"><span class='ocrx_word' id='word_1_283' title='bbox 162 3461 191 3522; x_wconf 84' lang='lat'><strong>3.</strong></span> <span class='ocrx_word' id='word_1_284' title='bbox 215 3454 384 3544; x_wconf 82' lang='lat' dir='ltr'><strong>Significat</strong></span> <span class='ocrx_word' id='word_1_285' title='bbox 401 3455 438 3518; x_wconf 84' lang='lat' dir='ltr'><strong>in</strong></span> <span class='ocrx_word' id='word_1_286' title='bbox 453 3453 527 3538; x_wconf 85' lang='lat' dir='ltr'><strong>ipso</strong></span> <span class='ocrx_word' id='word_1_287' title='bbox 541 3450 612 3514; x_wconf 84' lang='lat' dir='ltr'><em>loco</em></span> <span class='ocrx_word' id='word_1_288' title='bbox 629 3445 771 3515; x_wconf 69' lang='lat' dir='ltr'><strong>eodem:¹</strong></span> <span class='ocrx_word' id='word_1_289' title='bbox 787 3442 868 3510; x_wconf 81' lang='lat' dir='ltr'><strong>eben</strong></span> <span class='ocrx_word' id='word_1_290' title='bbox 888 3439 1048 3510; x_wconf 82' lang='lat' dir='ltr'><strong>daeeibst.</strong></span> <span class='ocrx_word' id='word_1_291' title='bbox 1146 3457 1150 3465; x_wconf 89' lang='grc'><em>·</em></span> 
     </span>
    </p>
   </div>
   <div class='ocr_carea' id='block_1_10' title="bbox 147 3564 1124 3810">
    <p class='ocr_par' dir='ltr' id='par_1_10' title="bbox 147 3564 1124 3810">
     <span class='ocr_line' id='line_1_36' title="bbox 178 3564 1124 3635; baseline -0.021 -6"><span class='ocrx_word' id='word_1_292' title='bbox 178 3577 246 3628; x_wconf 80' lang='lat' dir='ltr'><strong>ento</strong></span> <span class='ocrx_word' id='word_1_293' title='bbox 263 3576 296 3627; x_wconf 83' lang='lat' dir='ltr'><strong>de</strong></span> <span class='ocrx_word' id='word_1_294' title='bbox 311 3577 346 3627; x_wconf 88' lang='lat' dir='ltr'><strong>R.</strong></span> <span class='ocrx_word' id='word_1_295' title='bbox 360 3591 382 3625; x_wconf 91' lang='lat' dir='ltr'><strong>r.</strong></span> <span class='ocrx_word' id='word_1_296' title='bbox 398 3571 448 3635; x_wconf 74' lang='lat'><strong>37,</strong></span> <span class='ocrx_word' id='word_1_297' title='bbox 465 3569 498 3624; x_wconf 80' lang='grc'><strong>3.</strong></span> <span class='ocrx_word' id='word_1_298' title='bbox 519 3571 595 3632; x_wconf 82' lang='lat' dir='ltr'><strong>sitis,</strong></span> <span class='ocrx_word' id='word_1_299' title='bbox 615 3569 638 3619; x_wconf 84' lang='lat' dir='ltr'><strong>si</strong></span> <span class='ocrx_word' id='word_1_300' title='bbox 651 3582 742 3621; x_wconf 75' lang='lat' dir='ltr'><strong>manea</strong></span> <span class='ocrx_word' id='word_1_301' title='bbox 758 3564 823 3627; x_wconf 85' lang='lat' dir='ltr'><strong>mit,</strong></span> <span class='ocrx_word' id='word_1_302' title='bbox 840 3569 977 3615; x_wconf 76' lang='lat' dir='ltr'><strong>sarmenta</strong></span> <span class='ocrx_word' id='word_1_303' title='bbox 994 3577 1041 3613; x_wconf 76' lang='lat' dir='ltr'><strong>suu</strong></span> <span class='ocrx_word' id='word_1_304' title='bbox 1062 3577 1124 3613; x_wconf 78' lang='lat' dir='ltr'><strong>enn-</strong></span> 
     </span>
     <span class='ocr_line' id='line_1_37' title="bbox 147 3642 1124 3715; baseline -0.014 -5"><span class='ocrx_word' id='word_1_305' title='bbox 147 3662 222 3712; x_wconf 79' lang='lat' dir='ltr'><strong>cidiis</strong></span> <span class='ocrx_word' id='word_1_306' title='bbox 245 3662 342 3711; x_wconf 81' lang='lat' dir='ltr'><strong>minute</strong></span> <span class='ocrx_word' id='word_1_307' title='bbox 369 3665 394 3711; x_wconf 87' lang='lat' dir='ltr'><strong>et</strong></span> <span class='ocrx_word' id='word_1_308' title='bbox 414 3658 510 3708; x_wconf 81' lang='lat' dir='ltr'><strong>ibidem</strong></span> <span class='ocrx_word' id='word_1_309' title='bbox 531 3656 635 3706; x_wconf 82' lang='lat' dir='ltr'><strong>inarato</strong></span> <span class='ocrx_word' id='word_1_310' title='bbox 664 3657 710 3705; x_wconf 78' lang='lat' dir='ltr'><strong>ant</strong></span> <span class='ocrx_word' id='word_1_311' title='bbox 732 3646 852 3715; x_wconf 80' lang='lat' dir='ltr'><strong>infodite.</strong></span> <span class='ocrx_word' id='word_1_312' title='bbox 895 3645 952 3701; x_wconf 82' lang='lat' dir='ltr'><strong>Cic.</strong></span> <span class='ocrx_word' id='word_1_313' title='bbox 977 3662 1004 3712; x_wconf 83' lang='lat' dir='ltr'><strong>p.</strong></span> <span class='ocrx_word' id='word_1_314' title='bbox 1029 3642 1124 3711; x_wconf 79' lang='lat' dir='ltr'><strong>Quint.</strong></span> 
     </span>
     <span class='ocr_line' id='line_1_38' title="bbox 148 3727 1124 3810; baseline -0.016 -14"><span class='ocrx_word' id='word_1_315' title='bbox 148 3744 196 3810; x_wconf 73' lang='lat'><strong>27,</strong></span> <span class='ocrx_word' id='word_1_316' title='bbox 214 3743 257 3797; x_wconf 75' lang='lat'><strong>84.</strong></span> <span class='ocrx_word' id='word_1_317' title='bbox 277 3762 309 3795; x_wconf 83' lang='lat' dir='ltr'><strong>ex</strong></span> <span class='ocrx_word' id='word_1_318' title='bbox 325 3741 426 3794; x_wconf 83' lang='lat' dir='ltr'><strong>edicto:</strong></span> <span class='ocrx_word' id='word_1_319' title='bbox 448 3741 515 3807; x_wconf 77' lang='lat' dir='ltr'><strong>pund</strong></span> <span class='ocrx_word' id='word_1_320' title='bbox 530 3738 625 3791; x_wconf 78' lang='lat' dir='ltr'><strong>ibidem</strong></span> <span class='ocrx_word' id='word_1_321' title='bbox 646 3743 715 3793; x_wconf 76' lang='lat' dir='ltr'><strong>recte</strong></span> <span class='ocrx_word' id='word_1_322' title='bbox 738 3732 866 3791; x_wconf 73' lang='lat' dir='ltr'><strong>custodire</strong></span> <span class='ocrx_word' id='word_1_323' title='bbox 880 3737 1013 3803; x_wconf 77' lang='lat' dir='ltr'><strong>poterunt,</strong></span> <span class='ocrx_word' id='word_1_324' title='bbox 1032 3729 1061 3783; x_wconf 82' lang='lat' dir='ltr'><strong>id</strong></span> <span class='ocrx_word' id='word_1_325' title='bbox 1074 3727 1124 3782; x_wconf 63' lang='lat' dir='ltr'><strong>iliu</strong></span> 
     </span>
    </p>
   </div>
   <div class='ocr_carea' id='block_1_11' title="bbox 148 3829 375 3882">
    <p class='ocr_par' dir='ltr' id='par_1_11' title="bbox 148 3829 375 3882">
     <span class='ocr_line' id='line_1_39' title="bbox 148 3829 375 3882; baseline -0.013 0"><span class='ocrx_word' id='word_1_326' title='bbox 148 3831 202 3882; x_wconf 85' lang='lat' dir='ltr'><strong>dem</strong></span> <span class='ocrx_word' id='word_1_327' title='bbox 219 3829 375 3881; x_wconf 77' lang='lat' dir='ltr'><strong>custodiant.</strong></span> 
     </span>
    </p>
   </div>
   <div class='ocr_carea' id='block_1_12' title="bbox 100 3941 1124 4117">
    <p class='ocr_par' dir='ltr' id='par_1_12' title="bbox 100 3941 1124 4117">
     <span class='ocr_line' id='line_1_40' title="bbox 161 3941 1124 4051; baseline -0.017 -23"><span class='ocrx_word' id='word_1_328' title='bbox 161 3966 192 4028; x_wconf 77' lang='lat'><strong>4.</strong></span> <span class='ocrx_word' id='word_1_329' title='bbox 220 3963 353 4051; x_wconf 78' lang='lat' dir='ltr'><strong>Saepius</strong></span> <span class='ocrx_word' id='word_1_330' title='bbox 376 3941 586 4044; x_wconf 77' lang='lat' dir='ltr'><strong>intelligimus</strong></span> <span class='ocrx_word' id='word_1_331' title='bbox 610 3974 663 4020; x_wconf 85' lang='lat' dir='ltr'><strong>res</strong></span> <span class='ocrx_word' id='word_1_332' title='bbox 687 3954 721 4022; x_wconf 84' lang='lat' dir='ltr'><strong>in</strong></span> <span class='ocrx_word' id='word_1_333' title='bbox 750 3972 817 4021; x_wconf 83' lang='lat' dir='ltr'><strong>uuo</strong></span> <span class='ocrx_word' id='word_1_334' title='bbox 842 3947 1025 4034; x_wconf 80' lang='lat' dir='ltr'><strong>eodemque</strong></span> <span class='ocrx_word' id='word_1_335' title='bbox 1047 3945 1124 4014; x_wconf 84' lang='lat' dir='ltr'><strong>loco</strong></span> 
     </span>
     <span class='ocr_line' id='line_1_41' title="bbox 100 4042 547 4117; baseline -0.02 -3"><span class='ocrx_word' id='word_1_336' title='bbox 100 4049 176 4114; x_wconf 88' lang='lat' dir='ltr'><strong>imul</strong></span> <span class='ocrx_word' id='word_1_337' title='bbox 195 4051 244 4117; x_wconf 87' lang='lat' dir='ltr'><strong>vel</strong></span> <span class='ocrx_word' id='word_1_338' title='bbox 260 4048 417 4114; x_wconf 81' lang='lat' dir='ltr'><strong>contiuuo</strong></span> <span class='ocrx_word' id='word_1_339' title='bbox 435 4042 547 4108; x_wconf 82' lang='lat' dir='ltr'><strong>lactes.</strong></span> 
     </span>
    </p>
   </div>
   <div class='ocr_carea' id='block_1_13' title="bbox 0 0 1324 4770">
    <p class='ocr_par' dir='ltr' id='par_1_13' title="bbox 0 0 1324 4770">
     <span class='ocr_line' id='line_1_42' title="bbox 0 0 1324 4770; baseline 0 0"><span class='ocrx_word' id='word_1_340' title='bbox 0 0 1324 4770; x_wconf 95' lang='lat' dir='ltr'><strong> </strong></span> 
     </span>
    </p>
   </div>
  </div>
 </body>
</html>
