2632 4770
514 272 663 345 rursu.
759 268 761 274 ·
861 318 863 323 ψ
998 247 1166 347 mo'

57 438 260 504 motieorum
287 440 428 498 constat.
472 431 570 517 Iader
596 433 696 520 igitur
721 432 854 518 quando
878 435 919 500 de
944 439 1118 502 consocio·
1190 432 1219 486 ἰ

58 528 151 588 tione
168 536 199 588 et
218 523 257 585 de
281 518 518 583 communione
544 519 681 596 dieitur,
709 518 775 580 duo
793 523 927 585 nomina
943 525 1119 588 coniuncta

60 611 180 687 habet,
205 631 264 671 nec
281 615 391 693 potest
411 604 459 668 his
481 606 576 690 poui.
619 604 654 668 ld
677 604 860 690 intelligens
886 607 1052 674 Bentleius
1078 611 1122 674 ud
1201 599 1204 612 s

59 699 177 762 Horat.
203 694 306 781 Epist.
330 697 359 769 1,
377 696 408 762 2,
448 696 479 754 2.
510 692 715 768 „etiannum
742 691 867 776 inquit,
890 692 943 756 hie
964 697 1120 780 loquutus

61 793 110 848 est
136 791 251 844 noster
276 778 366 841 inter
389 775 531 840 Peliden
559 786 591 838 et
611 777 701 839 inter
722 775 913 840 Airidea.“
937 781 1029 843 etad
1052 784 1120 847 sar.

64 873 146 949 1,7‚
167 873 216 930 11.
237 864 464 927 hebraismum
492 861 637 948 appellat
664 861 703 923 nb
730 863 859 947 optimo
881 885 1014 950 quoque
1039 851 1120 931 seri·
1204 918 1207 923 ,

60 964 162 1042 ptore
181 951 343 1018 alienum,
368 957 399 1010 et
420 947 505 1034 apud
527 947 700 1009 Horatium
719 949 963 1032 corrigendum.
1007 951 1122 1016 imita.

62 1041 190 1103 tionem
217 1033 395 1098 hebraismi
421 1034 485 1119 ium
511 1031 979 1114 GatakerusAdversurAEst.
1012 1039 1122 1102 vindi-
1159 1079 1160 1083 =

65 1149 141 1189 care
166 1118 305 1186 conatus
324 1129 405 1183 erat.
440 1118 512 1182 Alii
541 1127 649 1181 autem
673 1118 707 1181 in
726 1117 838 1182 *verbis
862 1120 930 1184 Cle.
963 1124 1122 1204 Laelio,

64 1216 118 1277 33.
163 1210 254 1274 inter
292 1229 345 1270 me
377 1217 410 1270 et
431 1204 638 1290 Scipionem
669 1203 918 1285 disserebatur,
965 1206 1123 1274 omissam

64 1296 226 1385 putabant
243 1291 534 1379 praepositionem.
581 1287 621 1354 At
638 1288 721 1352 nihil
739 1311 823 1374 opus
842 1290 904 1353 fuit
923 1291 972 1355 his
996 1297 1123 1360 maehi-

65 1385 128 1448 nis.
173 1381 279 1444 Poetis
305 1379 386 1440 adeo
419 1377 510 1441 licuit
533 1396 694 1460 ea‚quae
720 1375 846 1460 vulgari
871 1400 1027 1444 sermone
1048 1394 1122 1446 nutu
1230 1393 1232 1398 '

67 1477 178 1546 erant,
197 1467 230 1529 in
250 1463 449 1527 nobiliorem
468 1483 562 1525 usum
591 1462 779 1524 adsciscere.
823 1461 937 1548 Neque
958 1465 1010 1546 id,
1034 1468 1125 1552 quod

65 1553 234 1619 Bentleius
251 1560 283 1614 et
300 1560 374 1635 post
394 1571 468 1612 eum
489 1547 676 1625 Schmidius
697 1544 882 1631 affirmant,
907 1548 990 1628 hune
1007 1550 1125 1616 dictio-

66 1662 145 1706 nem
165 1663 181 1700 a
198 1637 325 1699 ratione
340 1635 494 1699 recedere
521 1643 553 1696 et
567 1631 695 1715 vlogicis
724 1633 905 1719 praeceptis
929 1657 1125 1723 repugnare,
1220 1646 1222 1651 ’

68 1720 519 1808 noudiscrepataveritate.
566 1718 654 1798 Quid
676 1719 763 1781 euim
780 1718 938 1805 impedit,
959 1723 1041 1808 quin
1057 1746 1126 1790 rem
1226 1760 1228 1765 -
1301 1770 1303 1777 .

68 1811 155 1874 inter
173 1810 254 1871 diros
272 1817 377 1870 aetam
394 1808 491 1870 etiarn
513 1804 552 1868 ab
578 1816 725 1890 utruque·
739 1814 832 1889 purte
861 1807 1127 1892 eomprehenda÷

68 1890 169 1959 musi
212 1893 297 1956 Nam
312 1892 385 1955 lites
405 1892 492 1954 inter
513 1889 643 1954 Peliden
670 1900 703 1954 et
728 1889 814 1952 inter
839 1892 974 1955 Atriden
995 1894 1022 1958 si
1048 1896 1127 1960 velis

70 1976 300 2044 adtalionem
327 1976 462 2053 referri,
494 1975 689 2050 theseum,
724 1996 807 2060 quae
829 1975 916 2040 inter
939 1979 1072 2045 Peliden
1096 1993 1130 2047 e't
1231 2010 1239 2032 =

70 2066 207 2131 Atriden
228 2075 260 2127 et
277 2064 364 2126 inter
380 2062 515 2126 Atriden
532 2072 564 2126 et
587 2059 719 2124 Peliden
744 2059 840 2124 fiunt.
876 2062 949 2126 ·Se‹l
976 2087 1017 2129 ne
1041 2090 1127 2154 pro-

70 2150 150 2215 saici
178 2150 312 2235 quidem
333 2149 518 2236 xscriptores
544 2146 584 2211 ab
615 2146 676 2210 hae
709 2145 854 2210 dictione
886 2149 1128 2230 abstinuerunt,

74 2256 275 2323 quamquam
302 2256 338 2296 ea
365 2233 518 2320 exempla
543 2254 613 2296 nou
635 2253 811 2319 possumus
834 2228 1068 2315 hue'rel'erre‚
1090 2252 1127 2302 ut

77 2322 214 2410 plurimi
233 2320 382 2383 fecerunt
404 2319 525 2386 critici,
549 2320 582 2381 in
610 2318 727 2403 quibus
751 2318 869 2383 dieitur
888 2320 1045 2388 interesse
1070 2325 1133 2389 uli-

76 2408 155 2493 quid
173 2410 260 2470 inter
277 2404 367 2467 hune
385 2415 418 2466 et
435 2405 522 2467 inter
547 2403 652 2466 illum.
699 2403 735 2466 ln
759 2403 811 2467 his
836 2405 924 2468 euim
950 2409 1021 2494 ipsa
1044 2412 1130 2476 ratio

73 2493 220 2582 postulat
237 2491 513 2577 duplicationem:
537 2511 598 2553 nec
617 2490 732 2553 Cicero
749 2511 908 2575 umquam
924 2493 1030 2559 aliter.
1111 2504 1116 2509 ’

177 2620 246 2671 Vide
262 2619 404 2671 vavassor.
423 2618 457 2669 de
475 2616 508 2668 Vi
524 2634 602 2684 quor.
618 2616 694 2669 verb.
714 2635 741 2685 p.
757 2615 818 2670 554.
843 2619 931 2686 Kupp.
947 2619 1130 2690 Cuninghum.

146 2705 274 2762 Animud.
298 2704 327 2757 in
348 2705 445 2755 Horat.
463 2701 505 2754 13.
524 2720 550 2771 p.
565 2699 626 2753 246.
642 2702 781 2754 Drulrenb.
801 2703 836 2756 ed
853 2703 913 2762 Liv.
929 2703 1013 2770 lut,
1029 2707 1054 2758 l.
1072 2706 1131 2761 Ob·
1213 2764 1216 2768 A
1263 2772 1266 2779 Ι

145 2790 256 2843 barium
282 2796 310 2842 et
325 2788 507 2842 Schmidinm·
521 2787 555 2840 ad
571 2785 817 2854 llorct.Epist.1‚
832 2787 858 2852 1,
873 2784 916 2841 25.
943 2789 1067 2844 Plurima
1082 2779 1141 2844 exss

145 2877 236 2942 emple
252 2876 286 2927 ab
303 2875 348 2929 his
363 2872 431 2927 viris
448 2872 572 2926 adhibita
590 2889 642 2924 non
660 2873 825 2926 conveniunt
840 2873 991 2928 firmandae
1003 2877 1070 2930 hnic
1087 2879 1132 2931 lo·
1153 2922 1159 2936 .

147 2959 281 3028 quntioni.
683 2969 686 2972 ’

96 3049 98 3052 .
180 3065 278 3115 Horat.
295 3063 352 3114 Sul.
369 3061 394 3126 1,
410 3060 436 3125 i,
451 3061 494 3113 11.
513 3026 580 3114 iuter
600 3061 713 3113 Hectora
728 3059 877 3112 Priamiden
898 3063 1043 3116 animosum
1058 3072 1137 3134 atque
1220 3118 1222 3122 ,

146 3147 215 3199 inter
234 3150 358 3199 Achillem
373 3148 485 3211 irascit
505 3146 634 3214 capitalis.
667 3142 753 3210 Epist.
771 3144 900 3208 1,,2,11.
920 3148 1014 3199 Nestor
1028 3167 1136 3218 compo-

147 3243 210 3282 nere
225 3233 280 3282 litis
295 3232 359 3282 inter
372 3232 474 3284 Peliden
477 3231 589 3298 festinat
605 3238 630 3282 ei
644 3230 841 3283 iulerAtriden,
877 3230 1060 3296 Tihutl.4,1.
1076 3233 1136 3287 1115.

143 3309 244 3380 fertilis
259 3317 328 3367 hane
346 3316 413 3368 iuter
426 3316 510 3384 posita
526 3323 563 3367 est
577 3317 691 3383 interque
706 3315 830 3383 rigentes.
866 3317 990 3383 Propert.
1006 3319 1030 3382 2,
1041 3316 1149 3395 31,15.1
1235 3302 1240 3319 ’

151 3399 192 3465 (2,
208 3398 252 3463 23,
268 3398 324 3465 15.)
343 3399 435 3452 deiude
450 3401 520 3451 inter
536 3408 646 3451 matrem
667 3400 729 3462 deas
751 3400 805 3468 ipse
822 3403 934 3469 interque
955 3420 1070 3456 sororem
1083 3405 1137 3472 Pu-

149 3485 221 3537 mim
238 3485 266 3536 ie
282 3485 364 3552 longa
381 3485 499 3535 earmina
511 3492 576 3536 ceste
592 3490 675 3536 sonui.
711 3483 761 3534 Sil.
775 3484 839 3537 Ital.
856 3487 897 3549 11,
915 3484 974 3537 183.

182 3585 243 3638 mv.
262 3586 305 3650 lu,
319 3586 345 3650 7,
364 3585 389 3637 1.
414 3595 538 3641 certatum
558 3593 642 3638 tamea
663 3587 801 3638 suadenda
829 3588 1053 3657 dissuadendaque
1078 3589 1139 3658 iege

130 3674 218 3724 iuter
240 3674 308 3740 App.
336 3672 477 3724 Claudiam
502 3671 612 3721 maxime
635 3675 729 3737 serunt
752 3678 777 3722 et
798 3670 869 3722 iuter
891 3673 919 3724 P.
940 3674 1056 3724 Decium.
1088 3671 1138 3725 uhi

150 3755 393 3809 Drakenborchins
411 3763 439 3810 et
460 3743 596 3809 libror-urb
620 3754 783 3808 auctoritate
804 3761 832 3808 et
849 3756 1041 3809 consuetudine
1064 3755 1140 3810 Iuvit

153 3841 275 3893 vindicet
289 3842 444 3917 lectionem.

188 3943 265 3996 Alius
280 3947 389 4014 generis
408 3945 471 4015 suut
489 3944 588 4016 Virgil.
606 3942 673 3996 Aen.
688 3942 714 4007 9,
729 3939 791 3996 554.
817 3942 898 4012 [apem
920 3945 989 3996 ieter
1006 3945 1139 4009 cibastis,
1175 3909 1178 3913 ἢ

152 4028 220 4080 inter
232 4037 257 4081 ei
272 4047 349 4082 arma
365 4037 442 4101 saga
466 4049 555 4085 usuros
576 4038 656 4093 muet-
691 4030 752 4082 vat.
766 4031 858 4082 Flucc.
872 4029 899 4093 5,
916 4029 959 4081 13.
977 4031 1043 4082 iuter
1059 4031 1140 4085 larri-

150 4128 207 4168 mae
222 4107 338 4185 interque
356 4116 472 4172 extrema
487 4117 601 4181 visorum
616 4131 732 4171 manere.
765 4111 792 4178 3,
807 4111 869 4167 5119.
886 4113 994 4166 Tibull.
1008 4111 1035 4178 2,
1050 4112 1077 4179 1,
1095 4112 1141 4166 ii'·
