2632 4770
144 242 206 305 100
448 225 598 295 nonin.
640 222 885 308 flonlnovn.

212 385 334 440 Titinius
360 384 389 437 ἰι
418 383 580 452 lmisperlte
597 382 772 449 summumne
794 382 861 434 miii
887 380 973 435 uotae
995 378 1072 436 inedie
1090 382 1133 437 tta

212 475 292 525 Haec
308 470 403 523 Sahal.
417 486 437 523 a
448 469 526 521 Maio
539 467 643 521 editum
658 467 693 520 ed
710 465 811 536 virgil.
826 467 894 520 Λοι.
907 466 938 530 n,-
947 465 1009 519 dil).

228 584 257 645 8.
278 578 428 644 Donatus
447 576 630 642 ad'l'erent.
648 574 708 647 Ad.
725 580 756 654 2,
775 582 807 655 2,
824 578 856 640 7.
874 574 975 640 hodie
992 586 1133 655 antemi

107 745 110 751 .
144 679 276 752 tempos
292 663 388 751 signi
414 672 489 740 cot,
512 660 575 726 sed
591 660 800 739 iracundam
814 660 1042 749 eloquentium
1064 683 1133 725 arca

144 754 313 817 monitum.
387 759 400 812 t
423 748 464 812 ad
483 750 582 812 Andr.
603 754 631 822 l,
651 754 682 821 2,
698 750 751 813 25.
771 746 875 812 lindie
897 750 973 813 non'
990 745 1040 810 ud
1062 757 1133 811 tem·

144 862 210 903 non
227 836 386 922 pienum,
409 830 471 898 red
483 834 532 897 od
546 831 845 905 comminationem
862 830 1028 925 refertur,
1050 842 1088 897 nt
1106 778 1133 896 id

166 923 271 986 ilius:
291 940 477 1006 numquam
491 941 606 983 omnes
626 916 729 985 hodie
749 918 936 983 moriemur
953 914 1068 980 inniti.
1109 917 1133 983 ll

195 1002 417 1081 osterhovius‚
450 1003 570 1086 hodie,
600 1003 724 1090 inquit,
751 1004 916 1090 eleganter
940 1003 1132 1067 comminati

144 1093 290 1160 inservit.
341 1090 382 1155 Et
405 1088 624 1155 Ruhnkenius
648 1086 690 1153 ad
718 1088 855 1155 Phorm.
886 1090 918 1168 5,
952 1090 985 1167 8,
1015 1090 1069 1153 20.
1095 1084 1133 1153 he

144 1200 242 1265 snepe
256 1197 328 1241 non
354 1184 487 1263 tempus
509 1173 687 1265 signifieat,
709 1174 766 1238 sed
789 1171 993 1237 iracundiam
1015 1182 1049 1234 et
1072 1184 1133 1249 stoa

145 1263 257 1329 chum.
308 1261 403 1341 Quae
424 1259 564 1325 ali'erunt
591 1280 685 1323 exem
714 1260 760 1334 la,
791 1260 903 1323 omnia
929 1259 975 1321 ita
1005 1278 1133 1346 compos

143 1357 240 1427 suut,
260 1353 298 1410 ut
312 1345 413 1410 nodie
429 1344 469 1410 de
491 1369 527 1409 re
545 1283 716 1409 efficiendi
735 1343 866 1408 adiiciat
891 1353 1016 1407 certam
1031 1353 1133 1433 temps

170 1428 294 1498 roximi
309 1430 614 1495 denominationem
640 1439 671 1493 et
696 1451 769 1495 rem
794 1429 900 1517 ipsam
923 1428 1087 1515 agendam
1110 1453 1133 1495 a

143 1457 265 1583 firmet.
308 1515 491 1599 Quomodo
510 1513 591 1581 haee
607 1512 708 1581 dictio
723 1514 912 1581 iracundiae
930 1515 1123 1602 conveniat,

144 1598 423 1691 eileinlellig-itur.
967 1622 973 1635 ·

245 1722 306 1779 non
323 1721 379 1775 leno
392 1715 535 1773 retulerim
552 1716 664 1785 Terent·
685 1717 770 1773 mur.
787 1716 813 1781 1,
827 1715 854 1781 2,
867 1716 909 1772 25.
934 1734 1024 1789 neque
1037 1720 1133 1773 Plsom

210 1806 237 1870 8,
250 1806 294 1859 20.
311 1804 359 1857 sed
376 1803 458 1881 Andr.
473 1799 499 1865 5,
513 1800 597 1863 025.
614 1819 668 1872 nge
683 1821 750 1856 nune
771 1803 841 1857 iona
858 1819 908 1873 ogo
922 1806 967 1873 pol
983 1804 1073 1869 leodic,
1090 1804 1133 1857 eir

210 1892 256 1945 etta·
270 1890 416 1950 sumtum,
433 1887 495 1954 qaid
516 1887 605 1938 iterum
624 1889 659 1940 eit
673 1887 768 1957 pericli
777 1888 881 1955 follere.
915 1890 1007 1943 Proui.
1031 1887 1133 1941 Cure!

209 1974 253 2029 1³.
278 1973 417 2025 delicatum
440 1977 466 2022 te
489 1969 564 2020 hodie
579 1970 699 2036 focium,
732 1987 790 2021 cnm
818 1972 911 2024 entello
932 1980 960 2026 ot
987 1974 1104 2027 occulos.

210 2054 312 2109 Graeci
336 2069 453 2123 quoqne.
487 2052 626 2120 Aristoph.
649 2052 722 2107 Plut.
738 2050 800 2106 433»
823 2047 922 2126 ἣσφῴ
941 2055 1053 2127 ποιήσω
1069 2054 1133 2127 τήμε

209 2140 312 2194 δοῦναι
329 2138 420 2207 δίκην.

224 2264 257 2326 9.
278 2256 627 2323 numerosissimis
652 2258 805 2323 omnibus
820 2258 918 2335 locis,
945 2263 979 2327 in
1006 2264 1123 2350 quibus

35 2346 38 2353 ’
161 2348 228 2411 itur
245 2344 347 2409 hodie
368 2366 512 2431 proque,
534 2344 744 2409 scribendum
775 2367 843 2408 esse
864 2349 990 2410 censuit
1013 2351 1132 2437 hodieq

139 2372 215 2497 i'id.
238 2429 282 2495 ud'
304 2430 371 2493 Lim
391 2433 421 2507 d,
440 2435 493 2510 27,
511 2434 539 2493 1.
562 2436 614 2509 81,
631 2435 711 2510 7,’9.
765 2432 805 2493 At
829 2443 1034 2520 quapropter
1057 2434 1133 2499 illu*

139 2520 206 2583 clio
225 2516 448 2603 corruptionis
465 2513 599 2579 numine
613 2515 789 2578 reiiuionda
809 2527 912 2595 esset,
933 2538 1001 2581 non
1024 2541 1133 2606 exponi

138 2622 246 2689 neque
271 2600 347 2667 huic
371 2598 519 2685 opinioni
547 2600 733 2687 adstipulari
761 2610 837 2663 sunt
864 2600 1021 2667 Dukerus
1048 2617 1079 2668 et
1099 2607 1133 2669 n

138 2685 383 2764 kenborcirius,
406 2706 488 2768 quos
514 2687 587 2750 vide
612 2686 652 2748 ad
678 2684 746 2748 Liv.
770 2689 801 2762 5,
821 2690 873 2765 27,
892 2693 918 2753 1.
961 2688 1072 2759 Proba
1094 2690 1133 2755 eui

138 2784 185 2838 esl
202 2773 353 2859 loquutio
368 2778 401 2832 et
419 2770 545 2857 optimo
562 2769 718 2855 exemplo
735 2769 887 2835 stabilita.

240 2888 299 2942 Cic.
319 2905 346 2957 p.
362 2888 443 2941 Rom
466 2888 526 2940 Am.
539 2885 583 2950 25,
598 2883 642 2941 10.
667 2888 721 2941 eius
739 2907 817 2959 porro
839 2892 949 2947 ciuitatis
969 2893 1133 2962 sopientinin

158 3037 161 3041 ¹
204 2975 324 3027 Solonem
348 2973 437 3025 dicam
456 2972 559 3039 fuisse,
581 2989 656 3038 eum,
683 2975 727 3043 qui
749 2976 835 3045 leges,
862 2976 954 3044 quibus
981 2978 1060 3030 iuodie
1088 2995 1133 3046 que

197 3061 319 3120 'utuntun
336 3056 521 3123 conscripseris
554 3050 614 3108 Liv.
628 3053 655 3118 5,
669 3054 715 3121 Ξῖ,
731 3054 757 3111 l.
774 3060 843 3128 quod
858 3060 933 3112 toute
947 3078 1046 3129 quoque
1061 3063 1087 3112 io
1100 3046 1133 3113 (ii

203 3144 244 3193 cin
258 3146 354 3192 monet.
389 3138 416 3201 1,
430 3135 474 3201 20,
489 3137 531 3190 13.
553 3140 581 3191 id
604 3140 681 3193 hodie
700 3159 796 3210 quoque
814 3143 917 3211 publice
938 3160 1037 3212 semper
1060 3147 1133 3210 refert

200 3233 295 3277 monet.
336 3223 414 3276 Libri
438 3222 534 3290 scripti
556 3223 760 3292 discrepantia
781 3224 891 3278 Sueten.
916 3227 996 3279 Gall).
1011 3227 1037 3279 l.
1062 3229 1133 3295 Venp¹

123 3364 127 3373 ,
200 3307 294 3359 claud.
309 3304 351 3359 19.
370 3307 416 3358 sed
432 3305 488 3371 ita,
510 3314 540 3360 ut
555 3327 601 3376 oue
616 3326 664 3376 pro
682 3327 781 3379 quoque
803 3325 820 3361 n
843 3309 940 3362 scribis
958 3311 1126 3379 suppositum

200 3389 304 3444 dentur.
321 3392 400 3444 conf.
416 3392 562 3447 Burmann.
576 3392 604 3444 in
621 3392 741 3445 notent.
760 3393 794 3446 nd
806 3393 917 3446 Sueten.
926 3392 1022 3449 Claud.
1033 3397 1092 3455 19..

217 3516 267 3574 10.
292 3513 483 3602 HODIEQVE
501 3524 580 3599 post
603 3512 738 3598 Augusti
767 3524 918 3601 temporo
945 3517 1055 3602 eoepit
1080 3540 1133 3582 usu

132 3595 201 3684 pari
228 3619 290 3680 pro
305 3598 405 3663 leodio
430 3600 552 3679 etium,
579 3599 682 3663 laodic
706 3620 848 3685 quoquc,
870 3602 967 3664 telate
993 3603 1091 3666 siocli.

130 3681 354 3764 antiquiorum
386 3685 587 3768 scriptorum
615 3684 706 3749 libris
741 3684 796 3747 ubi
827 3686 991 3772 hodieque
1021 3710 1134 3752 oeeun

131 3765 274 3848 simplex
291 3778 338 3829 esl
369 3771 487 3855 copula
511 3792 572 3854 qaue
596 3769 630 3832 in
654 3771 889 3856 coniungendis
911 3773 1133 3838 enuntiationi·

129 3849 276 3936 portibus
300 3853 344 3917 ita
369 3854 582 3937 interposita,
614 3864 649 3916 ut
676 3877 777 3940 quum
813 3855 915 3920 laodic
945 3859 1058 3942 primo
1100 3865 1132 3925 lo

128 3934 363 4017 collocaretur,
384 3950 415 4001 et
435 3961 496 4024 per
516 3961 577 4024 qne
601 3938 833 4025 adiungeretur
857 3943 1101 4028 superioribus,

128 4042 165 4086 re
190 4020 297 4089 adhue
317 4034 534 4111 permanente
556 4025 717 4091 diceretur
741 4037 838 4112 atquc
868 4027 1067 4113 significaret
1100 4054 1133 4094 in
