<?xml version="1.0" encoding="UTF-8"?>
<!DOCTYPE html PUBLIC "-//W3C//DTD XHTML 1.0 Transitional//EN"
    "http://www.w3.org/TR/xhtml1/DTD/xhtml1-transitional.dtd">
<html xmlns="http://www.w3.org/1999/xhtml" xml:lang="en" lang="en">
 <head>
  <title>
</title>
<meta http-equiv="Content-Type" content="text/html;charset=utf-8" />
  <meta name='ocr-system' content='tesseract 3.04.00' />
  <meta name='ocr-capabilities' content='ocr_page ocr_carea ocr_par ocr_line ocrx_word'/>
</head>
<body>
  <div class='ocr_page' id='page_1' title='image "./tursellinusseud01handgoog_0333.png"; bbox 0 0 2632 4770; ppageno 0'>
   <div class='ocr_carea' id='block_1_1' title="bbox 394 224 1115 368">
    <p class='ocr_par' dir='ltr' id='par_1_1' title="bbox 394 224 1115 383">
     <span class='ocr_line' id='line_1_1' title="bbox 394 224 1115 368; baseline 0.018 -35"><span class='ocrx_word' id='word_1_1' title='bbox 394 224 668 368; x_wconf 42' lang='lat' dir='ltr'><em>[sous.</em></span> <span class='ocrx_word' id='word_1_2' title='bbox 869 258 872 263; x_wconf 82' lang='grc'><em>’</em></span> <span class='ocrx_word' id='word_1_3' title='bbox 977 279 1115 347; x_wconf 81' lang='lat' dir='ltr'><em>sss</em></span> 
     </span>
    </p>
   </div>
   <div class='ocr_carea' id='block_1_2' title="bbox 118 392 1181 504">
    <p class='ocr_par' dir='ltr' id='par_1_2' title="bbox 118 392 1181 504">
     <span class='ocr_line' id='line_1_2' title="bbox 118 392 1181 504; baseline 0.009 -26"><span class='ocrx_word' id='word_1_4' title='bbox 118 427 225 496; x_wconf 85' lang='lat' dir='ltr'><em>agatis,</em></span> <span class='ocrx_word' id='word_1_5' title='bbox 260 441 294 477; x_wconf 87' lang='lat' dir='ltr'><em>ns</em></span> <span class='ocrx_word' id='word_1_6' title='bbox 318 421 355 477; x_wconf 85' lang='lat' dir='ltr'><em>in&#39;</em></span> <span class='ocrx_word' id='word_1_7' title='bbox 377 392 593 499; x_wconf 72' lang='lat' dir='ltr'><em>unumquemque</em></span> <span class='ocrx_word' id='word_1_8' title='bbox 610 422 730 504; x_wconf 80' lang='lat' dir='ltr'><em>nostram</em></span> <span class='ocrx_word' id='word_1_9' title='bbox 758 425 904 480; x_wconf 70' lang='lat' dir='ltr'><em>censoribus</em></span> <span class='ocrx_word' id='word_1_10' title='bbox 927 431 955 482; x_wconf 87' lang='lat' dir='ltr'><em>in</em></span> <span class='ocrx_word' id='word_1_11' title='bbox 980 439 1112 500; x_wconf 85' lang='lat' dir='ltr'><em>posteram</em></span> <span class='ocrx_word' id='word_1_12' title='bbox 1176 463 1181 472; x_wconf 88' lang='lat'><strong>·</strong></span> 
     </span>
    </p>
   </div>
   <div class='ocr_carea' id='block_1_3' title="bbox 117 503 1279 585">
    <p class='ocr_par' dir='ltr' id='par_1_3' title="bbox 117 503 1279 585">
     <span class='ocr_line' id='line_1_3' title="bbox 117 503 1279 585; baseline 0.012 -23"><span class='ocrx_word' id='word_1_13' title='bbox 117 517 273 580; x_wconf 85' lang='lat' dir='ltr'><em>potestatem</em></span> <span class='ocrx_word' id='word_1_14' title='bbox 287 512 390 580; x_wconf 75' lang='lat' dir='ltr'><em>regiam</em></span> <span class='ocrx_word' id='word_1_15' title='bbox 402 503 572 580; x_wconf 81' lang='lat' dir='ltr'><em>permittatis.</em></span> <span class='ocrx_word' id='word_1_16' title='bbox 607 509 667 563; x_wconf 80' lang='lat' dir='ltr'><em>cic.</em></span> <span class='ocrx_word' id='word_1_17' title='bbox 690 507 827 561; x_wconf 59' lang='lat' dir='ltr'><em>adsum.</em></span> <span class='ocrx_word' id='word_1_18' title='bbox 848 511 898 576; x_wconf 87' lang='grc'><strong>16,</strong></span> <span class='ocrx_word' id='word_1_19' title='bbox 914 513 965 579; x_wconf 97' lang='grc'><strong>12,</strong></span> <span class='ocrx_word' id='word_1_20' title='bbox 979 513 1004 568; x_wconf 81' lang='grc'><em>8.</em></span> <span class='ocrx_word' id='word_1_21' title='bbox 1022 535 1064 570; x_wconf 84' lang='lat' dir='ltr'><em>res</em></span> <span class='ocrx_word' id='word_1_22' title='bbox 1077 508 1112 572; x_wconf 85' lang='lat' dir='ltr'><em>&#39;in</em></span> <span class='ocrx_word' id='word_1_23' title='bbox 1187 536 1188 541; x_wconf 74' lang='grc'>’</span> <span class='ocrx_word' id='word_1_24' title='bbox 1251 565 1279 585; x_wconf 73' lang='grc'><strong>,.</strong></span> 
     </span>
    </p>
   </div>
   <div class='ocr_carea' id='block_1_4' title="bbox 117 593 1126 748">
    <p class='ocr_par' dir='ltr' id='par_1_4' title="bbox 117 593 1126 748">
     <span class='ocr_line' id='line_1_4' title="bbox 117 593 1113 673; baseline 0.005 -25"><span class='ocrx_word' id='word_1_25' title='bbox 117 604 251 664; x_wconf 87' lang='lat' dir='ltr'><em>posteram</em></span> <span class='ocrx_word' id='word_1_26' title='bbox 270 596 365 648; x_wconf 87' lang='lat' dir='ltr'><em>dilata.</em></span> <span class='ocrx_word' id='word_1_27' title='bbox 398 598 476 649; x_wconf 84' lang='lat' dir='ltr'><em>caes.</em></span> <span class='ocrx_word' id='word_1_28' title='bbox 493 597 528 651; x_wconf 91' lang='lat' dir='ltr'><em>B.</em></span> <span class='ocrx_word' id='word_1_29' title='bbox 547 595 622 648; x_wconf 77' lang='lat' dir='ltr'><em>usu.</em></span> <span class='ocrx_word' id='word_1_30' title='bbox 639 593 666 661; x_wconf 77' lang='grc'><strong>7,</strong></span> <span class='ocrx_word' id='word_1_31' title='bbox 685 593 728 646; x_wconf 82' lang='grc'><em>11.</em></span> <span class='ocrx_word' id='word_1_32' title='bbox 745 593 773 646; x_wconf 88' lang='lat' dir='ltr'><em>in</em></span> <span class='ocrx_word' id='word_1_33' title='bbox 788 602 920 665; x_wconf 81' lang='lat' dir='ltr'><em>postorum</em></span> <span class='ocrx_word' id='word_1_34' title='bbox 934 605 1113 673; x_wconf 81' lang='lat' dir='ltr'><em>oppugnatio·</em></span> 
     </span>
     <span class='ocr_line' id='line_1_5' title="bbox 121 680 1126 748; baseline -0.005 -17"><span class='ocrx_word' id='word_1_35' title='bbox 121 699 179 732; x_wconf 87' lang='lat' dir='ltr'><em>nem</em></span> <span class='ocrx_word' id='word_1_36' title='bbox 193 680 293 748; x_wconf 79' lang='lat' dir='ltr'><em>differi.</em></span> <span class='ocrx_word' id='word_1_37' title='bbox 1119 691 1126 706; x_wconf 82' lang='lat'><em>⁰</em></span> 
     </span>
    </p>
   </div>
   <div class='ocr_carea' id='block_1_5' title="bbox 115 793 1150 1126">
    <p class='ocr_par' dir='ltr' id='par_1_5' title="bbox 115 793 1150 1126">
     <span class='ocr_line' id='line_1_6' title="bbox 115 793 1113 869; baseline 0.01 -20"><span class='ocrx_word' id='word_1_38' title='bbox 115 823 120 829; x_wconf 92' lang='lat'><strong>·</strong></span> <span class='ocrx_word' id='word_1_39' title='bbox 153 797 213 869; x_wconf 72' lang='lat' dir='ltr'><em>loir.</em></span> <span class='ocrx_word' id='word_1_40' title='bbox 227 795 272 862; x_wconf 90' lang='grc'><strong>34,</strong></span> <span class='ocrx_word' id='word_1_41' title='bbox 289 795 333 864; x_wconf 76' lang='grc'><strong>27,</strong></span> <span class='ocrx_word' id='word_1_42' title='bbox 350 797 393 850; x_wconf 89' lang='grc'><em>16.</em></span> <span class='ocrx_word' id='word_1_43' title='bbox 411 799 440 850; x_wconf 91' lang='lat' dir='ltr'><em>id</em></span> <span class='ocrx_word' id='word_1_44' title='bbox 456 793 539 868; x_wconf 77' lang='lat' dir='ltr'><em>aegra</em></span> <span class='ocrx_word' id='word_1_45' title='bbox 553 804 579 850; x_wconf 91' lang='lat' dir='ltr'><em>et</em></span> <span class='ocrx_word' id='word_1_46' title='bbox 593 797 622 849; x_wconf 87' lang='lat' dir='ltr'><em>in</em></span> <span class='ocrx_word' id='word_1_47' title='bbox 639 797 830 866; x_wconf 74' lang='lat' dir='ltr'><em>praesentiali</em></span> <span class='ocrx_word' id='word_1_48' title='bbox 845 798 921 869; x_wconf 87' lang='lat' dir='ltr'><em>passi</em></span> <span class='ocrx_word' id='word_1_49' title='bbox 943 806 970 852; x_wconf 90' lang='lat' dir='ltr'><em>et</em></span> <span class='ocrx_word' id='word_1_50' title='bbox 986 800 1013 852; x_wconf 84' lang='lat' dir='ltr'><em>iu</em></span> <span class='ocrx_word' id='word_1_51' title='bbox 1031 806 1113 869; x_wconf 76' lang='lat' dir='ltr'><em>sata·</em></span> 
     </span>
     <span class='ocr_line' id='line_1_7' title="bbox 115 869 1113 952; baseline 0.01 -19"><span class='ocrx_word' id='word_1_52' title='bbox 115 891 179 934; x_wconf 86' lang='lat' dir='ltr'><em>&#39;ram</em></span> <span class='ocrx_word' id='word_1_53' title='bbox 203 884 283 939; x_wconf 81' lang='lat' dir='ltr'><em>etiam</em></span> <span class='ocrx_word' id='word_1_54' title='bbox 310 890 407 934; x_wconf 84' lang='lat' dir='ltr'><em>metam</em></span> <span class='ocrx_word' id='word_1_55' title='bbox 430 890 560 951; x_wconf 81' lang='lat' dir='ltr'><em>ceperant.</em></span> <span class='ocrx_word' id='word_1_56' title='bbox 593 880 629 934; x_wconf 89' lang='grc'><em>36</em></span> <span class='ocrx_word' id='word_1_57' title='bbox 637 869 652 945; x_wconf 65' lang='grc'><strong>,’</strong></span> <span class='ocrx_word' id='word_1_58' title='bbox 660 879 715 948; x_wconf 72' lang='grc'><strong>11,</strong></span> <span class='ocrx_word' id='word_1_59' title='bbox 730 882 755 933; x_wconf 91' lang='grc'><em>1.</em></span> <span class='ocrx_word' id='word_1_60' title='bbox 780 884 882 952; x_wconf 76' lang='lat' dir='ltr'><em>ingenti</em></span> <span class='ocrx_word' id='word_1_61' title='bbox 900 886 1013 938; x_wconf 85' lang='lat' dir='ltr'><em>omnium</em></span> <span class='ocrx_word' id='word_1_62' title='bbox 1034 896 1060 941; x_wconf 89' lang='lat' dir='ltr'><em>et</em></span> <span class='ocrx_word' id='word_1_63' title='bbox 1082 890 1113 942; x_wconf 88' lang='lat' dir='ltr'><em>in</em></span> 
     </span>
     <span class='ocr_line' id='line_1_8' title="bbox 123 965 1150 1044; baseline 0.005 -26"><span class='ocrx_word' id='word_1_64' title='bbox 123 984 251 1036; x_wconf 80' lang='lat' dir='ltr'><em>psaesens</em></span> <span class='ocrx_word' id='word_1_65' title='bbox 268 966 371 1019; x_wconf 85' lang='lat' dir='ltr'><em>laetitio</em></span> <span class='ocrx_word' id='word_1_66' title='bbox 387 972 413 1018; x_wconf 89' lang='lat' dir='ltr'><em>et</em></span> <span class='ocrx_word' id='word_1_67' title='bbox 428 967 589 1033; x_wconf 81' lang='lat' dir='ltr'><em>insularum</em></span> <span class='ocrx_word' id='word_1_68' title='bbox 609 985 662 1036; x_wconf 82' lang='lat' dir='ltr'><em>spe·</em></span> <span class='ocrx_word' id='word_1_69' title='bbox 696 965 929 1035; x_wconf 75' lang='lat' dir='ltr'><em>Tacit.1tios.1‚</em></span> <span class='ocrx_word' id='word_1_70' title='bbox 949 968 1114 1044; x_wconf 69' lang='lat' dir='ltr'><em>tnefsogts</em></span> <span class='ocrx_word' id='word_1_71' title='bbox 1148 974 1150 976; x_wconf 72' lang='grc'><strong>’</strong></span> 
     </span>
     <span class='ocr_line' id='line_1_9' title="bbox 121 1050 1043 1126; baseline 0.005 -23"><span class='ocrx_word' id='word_1_72' title='bbox 121 1054 302 1118; x_wconf 84' lang='lat' dir='ltr'><em>infuturum,</em></span> <span class='ocrx_word' id='word_1_73' title='bbox 321 1077 356 1088; x_wconf 93' lang='lat'>-</span> <span class='ocrx_word' id='word_1_74' title='bbox 374 1050 526 1116; x_wconf 83' lang='lat' dir='ltr'><em>diffidentia</em></span> <span class='ocrx_word' id='word_1_75' title='bbox 540 1051 712 1120; x_wconf 83' lang='lat' dir='ltr'><em>praesentiam</em></span> <span class='ocrx_word' id='word_1_76' title='bbox 725 1054 892 1106; x_wconf 78' lang='lat' dir='ltr'><em>mutationem</em></span> <span class='ocrx_word' id='word_1_77' title='bbox 903 1071 1010 1123; x_wconf 77' lang='lat' dir='ltr'><em>panau.</em></span> <span class='ocrx_word' id='word_1_78' title='bbox 1037 1118 1043 1126; x_wconf 25' lang='grc' dir='ltr'>ι</span> 
     </span>
    </p>
   </div>
   <div class='ocr_carea' id='block_1_6' title="bbox 120 1149 1136 1421">
    <p class='ocr_par' dir='ltr' id='par_1_6' title="bbox 120 1149 1136 1421">
     <span class='ocr_line' id='line_1_10' title="bbox 155 1149 1136 1243; baseline 0.009 -22"><span class='ocrx_word' id='word_1_79' title='bbox 155 1170 213 1222; x_wconf 80' lang='lat' dir='ltr'><em>cic.</em></span> <span class='ocrx_word' id='word_1_80' title='bbox 228 1168 256 1221; x_wconf 88' lang='lat' dir='ltr'><em>in</em></span> <span class='ocrx_word' id='word_1_81' title='bbox 271 1168 350 1220; x_wconf 84' lang='lat' dir='ltr'><em>Verr.</em></span> <span class='ocrx_word' id='word_1_82' title='bbox 364 1167 392 1231; x_wconf 83' lang='lat'><em>1,</em></span> <span class='ocrx_word' id='word_1_83' title='bbox 403 1166 447 1243; x_wconf 72' lang='lat'><em>30³</em></span> <span class='ocrx_word' id='word_1_84' title='bbox 464 1149 507 1217; x_wconf 71' lang='lat' dir='ltr'><em>il.</em></span> <span class='ocrx_word' id='word_1_85' title='bbox 525 1170 594 1237; x_wconf 77' lang='lat' dir='ltr'><em>qnod</em></span> <span class='ocrx_word' id='word_1_86' title='bbox 609 1170 679 1222; x_wconf 88' lang='lat' dir='ltr'><em>enim</em></span> <span class='ocrx_word' id='word_1_87' title='bbox 695 1187 754 1222; x_wconf 86' lang='lat' dir='ltr'><em>eam</em></span> <span class='ocrx_word' id='word_1_88' title='bbox 771 1170 820 1222; x_wconf 80' lang='lat' dir='ltr'><em>tili</em></span> <span class='ocrx_word' id='word_1_89' title='bbox 831 1174 971 1239; x_wconf 80' lang='lat' dir='ltr'><em>quaestoris</em></span> <span class='ocrx_word' id='word_1_90' title='bbox 984 1175 1012 1227; x_wconf 90' lang='lat' dir='ltr'><em>in</em></span> <span class='ocrx_word' id='word_1_91' title='bbox 1028 1177 1113 1230; x_wconf 81' lang='lat' dir='ltr'><em>lotam</em></span> <span class='ocrx_word' id='word_1_92' title='bbox 1134 1208 1136 1217; x_wconf 44' lang='grc' dir='ltr'><strong><em>ι</em></strong></span> 
     </span>
     <span class='ocr_line' id='line_1_11' title="bbox 121 1253 1113 1328; baseline 0.008 -22"><span class='ocrx_word' id='word_1_93' title='bbox 121 1256 305 1320; x_wconf 72' lang='lat' dir='ltr'><em>constitueras,</em></span> <span class='ocrx_word' id='word_1_94' title='bbox 322 1253 481 1318; x_wconf 84' lang='lat' dir='ltr'><em>idtircotibi</em></span> <span class='ocrx_word' id='word_1_95' title='bbox 503 1255 618 1306; x_wconf 84' lang='lat' dir='ltr'><em>amicam</em></span> <span class='ocrx_word' id='word_1_96' title='bbox 637 1255 666 1305; x_wconf 89' lang='lat' dir='ltr'><em>in</em></span> <span class='ocrx_word' id='word_1_97' title='bbox 688 1263 840 1324; x_wconf 79' lang='lat' dir='ltr'><em>perpetuum</em></span> <span class='ocrx_word' id='word_1_98' title='bbox 858 1262 919 1326; x_wconf 76' lang='lat' dir='ltr'><em>sare</em></span> <span class='ocrx_word' id='word_1_99' title='bbox 932 1262 1043 1328; x_wconf 78' lang='lat' dir='ltr'><em>palosii·</em></span> <span class='ocrx_word' id='word_1_100' title='bbox 1077 1261 1113 1316; x_wconf 82' lang='lat' dir='ltr'><em>ud</em></span> 
     </span>
     <span class='ocr_line' id='line_1_12' title="bbox 120 1337 780 1421; baseline -0.002 -28"><span class='ocrx_word' id='word_1_101' title='bbox 120 1342 198 1393; x_wconf 84' lang='lat' dir='ltr'><em>Fam.</em></span> <span class='ocrx_word' id='word_1_102' title='bbox 215 1339 258 1405; x_wconf 94' lang='grc'><strong>13,</strong></span> <span class='ocrx_word' id='word_1_103' title='bbox 273 1337 342 1405; x_wconf 29' lang='grc'><strong>4,,6.</strong></span> <span class='ocrx_word' id='word_1_104' title='bbox 362 1340 475 1392; x_wconf 84' lang='lat' dir='ltr'><em>Sueten.</em></span> <span class='ocrx_word' id='word_1_105' title='bbox 493 1339 571 1392; x_wconf 82' lang='lat' dir='ltr'><em>Caes.</em></span> <span class='ocrx_word' id='word_1_106' title='bbox 587 1337 632 1393; x_wconf 94' lang='grc'><em>26.</em></span> <span class='ocrx_word' id='word_1_107' title='bbox 650 1340 722 1421; x_wconf 69' lang='lat' dir='ltr'><em>Aug.</em></span> <span class='ocrx_word' id='word_1_108' title='bbox 736 1338 780 1392; x_wconf 97' lang='grc'><em>16.</em></span> 
     </span>
    </p>
   </div>
   <div class='ocr_carea' id='block_1_7' title="bbox 120 1457 1136 1948">
    <p class='ocr_par' dir='ltr' id='par_1_7' title="bbox 120 1457 1136 1948">
     <span class='ocr_line' id='line_1_13' title="bbox 156 1457 1114 1532; baseline 0.007 -21"><span class='ocrx_word' id='word_1_109' title='bbox 156 1457 274 1524; x_wconf 65' lang='lat' dir='ltr'><em>Lines,</em></span> <span class='ocrx_word' id='word_1_110' title='bbox 290 1457 317 1524; x_wconf 98' lang='grc'><strong>6,</strong></span> <span class='ocrx_word' id='word_1_111' title='bbox 332 1458 358 1510; x_wconf 90' lang='grc'><em>4.</em></span> <span class='ocrx_word' id='word_1_112' title='bbox 376 1475 442 1527; x_wconf 78' lang='lat' dir='ltr'><em>qaae</em></span> <span class='ocrx_word' id='word_1_113' title='bbox 452 1458 564 1527; x_wconf 65' lang='lat' dir='ltr'><em>(leges)</em></span> <span class='ocrx_word' id='word_1_114' title='bbox 582 1477 636 1512; x_wconf 86' lang='lat' dir='ltr'><em>non</em></span> <span class='ocrx_word' id='word_1_115' title='bbox 651 1461 680 1511; x_wconf 88' lang='lat' dir='ltr'><em>in</em></span> <span class='ocrx_word' id='word_1_116' title='bbox 695 1467 797 1528; x_wconf 86' lang='lat' dir='ltr'><em>tempos</em></span> <span class='ocrx_word' id='word_1_117' title='bbox 818 1458 942 1525; x_wconf 73' lang='lat' dir='ltr'><em>aliquod,</em></span> <span class='ocrx_word' id='word_1_118' title='bbox 957 1463 1003 1513; x_wconf 89' lang='lat' dir='ltr'><em>sed</em></span> <span class='ocrx_word' id='word_1_119' title='bbox 1022 1470 1114 1532; x_wconf 78' lang='lat' dir='ltr'><em>pcipe·</em></span> 
     </span>
     <span class='ocr_line' id='line_1_14' title="bbox 120 1531 1115 1609; baseline 0.004 -13"><span class='ocrx_word' id='word_1_120' title='bbox 120 1553 184 1596; x_wconf 87' lang='lat' dir='ltr'><em>tuae</em></span> <span class='ocrx_word' id='word_1_121' title='bbox 199 1533 321 1596; x_wconf 84' lang='lat' dir='ltr'><em>utilitatis</em></span> <span class='ocrx_word' id='word_1_122' title='bbox 335 1560 429 1596; x_wconf 85' lang='lat' dir='ltr'><em>caussa</em></span> <span class='ocrx_word' id='word_1_123' title='bbox 447 1531 629 1595; x_wconf 43' lang='lat' dir='ltr'><em>its&#39;aetcrnum</em></span> <span class='ocrx_word' id='word_1_124' title='bbox 652 1543 721 1595; x_wconf 87' lang='lat' dir='ltr'><em>latae</em></span> <span class='ocrx_word' id='word_1_125' title='bbox 742 1548 815 1594; x_wconf 72' lang='lat' dir='ltr'><em>snos.</em></span> <span class='ocrx_word' id='word_1_126' title='bbox 846 1541 879 1609; x_wconf 86' lang='grc'><strong>6,</strong></span> <span class='ocrx_word' id='word_1_127' title='bbox 901 1541 953 1607; x_wconf 90' lang='grc'><strong>21,</strong></span> <span class='ocrx_word' id='word_1_128' title='bbox 976 1543 1004 1596; x_wconf 93' lang='grc' dir='ltr'><em>2.Ι</em></span> <span class='ocrx_word' id='word_1_129' title='bbox 1030 1547 1115 1600; x_wconf 80' lang='lat' dir='ltr'><em>ltostes</em></span> 
     </span>
     <span class='ocr_line' id='line_1_15' title="bbox 120 1626 1115 1697; baseline 0.004 -17"><span class='ocrx_word' id='word_1_130' title='bbox 120 1631 180 1680; x_wconf 90' lang='lat' dir='ltr'><em>nooi</em></span> <span class='ocrx_word' id='word_1_131' title='bbox 197 1637 298 1696; x_wconf 82' lang='lat' dir='ltr'><em>praeter.</em></span> <span class='ocrx_word' id='word_1_132' title='bbox 318 1629 419 1680; x_wconf 81' lang='lat' dir='ltr'><em>Volscos</em></span> <span class='ocrx_word' id='word_1_133' title='bbox 433 1628 503 1678; x_wconf 86' lang='lat' dir='ltr'><em>velat</em></span> <span class='ocrx_word' id='word_1_134' title='bbox 519 1633 588 1677; x_wconf 83' lang='lat' dir='ltr'><em>sorte</em></span> <span class='ocrx_word' id='word_1_135' title='bbox 602 1629 718 1693; x_wconf 69' lang='lat' dir='ltr'><em>quadam</em></span> <span class='ocrx_word' id='word_1_136' title='bbox 732 1644 812 1697; x_wconf 87' lang='lat' dir='ltr'><em>prope</em></span> <span class='ocrx_word' id='word_1_137' title='bbox 833 1626 862 1679; x_wconf 88' lang='lat' dir='ltr'><em>in</em></span> <span class='ocrx_word' id='word_1_138' title='bbox 882 1636 1020 1682; x_wconf 83' lang='lat' dir='ltr'><em>aeternnm</em></span> <span class='ocrx_word' id='word_1_139' title='bbox 1040 1648 1115 1684; x_wconf 81' lang='lat' dir='ltr'><em>eaer-</em></span> 
     </span>
     <span class='ocr_line' id='line_1_16' title="bbox 121 1711 1136 1771; baseline 0.006 -7"><span class='ocrx_word' id='word_1_140' title='bbox 121 1715 199 1764; x_wconf 87' lang='lat' dir='ltr'><em>ceudo</em></span> <span class='ocrx_word' id='word_1_141' title='bbox 216 1713 417 1764; x_wconf 78' lang='lat' dir='ltr'><em>rontano-militi</em></span> <span class='ocrx_word' id='word_1_142' title='bbox 439 1712 515 1762; x_wconf 88' lang='lat' dir='ltr'><em>datos</em></span> <span class='ocrx_word' id='word_1_143' title='bbox 532 1736 565 1749; x_wconf 91' lang='lat'>-</span> <span class='ocrx_word' id='word_1_144' title='bbox 583 1711 666 1762; x_wconf 82' lang='lat' dir='ltr'><em>solito</em></span> <span class='ocrx_word' id='word_1_145' title='bbox 682 1713 770 1763; x_wconf 82' lang='lat' dir='ltr'><em>eaorti.</em></span> <span class='ocrx_word' id='word_1_146' title='bbox 804 1713 845 1763; x_wconf 88' lang='lat' dir='ltr'><em>Do</em></span> <span class='ocrx_word' id='word_1_147' title='bbox 869 1713 961 1766; x_wconf 80' lang='lat' dir='ltr'><em>verbis</em></span> <span class='ocrx_word' id='word_1_148' title='bbox 980 1715 1010 1766; x_wconf 89' lang='lat' dir='ltr'><em>in</em></span> <span class='ocrx_word' id='word_1_149' title='bbox 1034 1723 1115 1768; x_wconf 86' lang='lat' dir='ltr'><em>aeter-</em></span> <span class='ocrx_word' id='word_1_150' title='bbox 1135 1764 1136 1771; x_wconf 72' lang='grc'><strong>,</strong></span> 
     </span>
     <span class='ocr_line' id='line_1_17' title="bbox 121 1793 1116 1863; baseline 0.005 -17"><span class='ocrx_word' id='word_1_151' title='bbox 121 1815 184 1846; x_wconf 83' lang='lat' dir='ltr'><em>nam</em></span> <span class='ocrx_word' id='word_1_152' title='bbox 202 1815 254 1846; x_wconf 85' lang='lat' dir='ltr'><em>noo</em></span> <span class='ocrx_word' id='word_1_153' title='bbox 272 1812 322 1862; x_wconf 90' lang='lat' dir='ltr'><em>pro</em></span> <span class='ocrx_word' id='word_1_154' title='bbox 335 1812 476 1863; x_wconf 81' lang='lat' dir='ltr'><em>numquam</em></span> <span class='ocrx_word' id='word_1_155' title='bbox 492 1793 596 1862; x_wconf 87' lang='lat' dir='ltr'><em>positio,</em></span> <span class='ocrx_word' id='word_1_156' title='bbox 610 1795 663 1848; x_wconf 57' lang='lat' dir='ltr'><em>&#39;ssd</em></span> <span class='ocrx_word' id='word_1_157' title='bbox 685 1795 720 1848; x_wconf 86' lang='lat' dir='ltr'><em>ab</em></span> <span class='ocrx_word' id='word_1_158' title='bbox 737 1794 848 1863; x_wconf 81' lang='lat' dir='ltr'><em>antiquo</em></span> <span class='ocrx_word' id='word_1_159' title='bbox 864 1813 917 1851; x_wconf 86' lang='lat' dir='ltr'><em>usu</em></span> <span class='ocrx_word' id='word_1_160' title='bbox 933 1797 1030 1857; x_wconf 79' lang='lat' dir='ltr'><em>olienis</em></span> <span class='ocrx_word' id='word_1_161' title='bbox 1046 1799 1116 1851; x_wconf 88' lang='lat' dir='ltr'><em>Vor-</em></span> 
     </span>
     <span class='ocr_line' id='line_1_18' title="bbox 124 1872 951 1948; baseline 0.004 -18"><span class='ocrx_word' id='word_1_162' title='bbox 124 1872 191 1932; x_wconf 80' lang='lat' dir='ltr'><em>stius</em></span> <span class='ocrx_word' id='word_1_163' title='bbox 206 1880 239 1932; x_wconf 87' lang='lat' dir='ltr'><em>de</em></span> <span class='ocrx_word' id='word_1_164' title='bbox 255 1881 316 1933; x_wconf 79' lang='lat' dir='ltr'><em>nat.</em></span> <span class='ocrx_word' id='word_1_165' title='bbox 332 1879 432 1933; x_wconf 84' lang='lat' dir='ltr'><em>merito</em></span> <span class='ocrx_word' id='word_1_166' title='bbox 446 1897 521 1948; x_wconf 82' lang='lat' dir='ltr'><em>susp.</em></span> <span class='ocrx_word' id='word_1_167' title='bbox 540 1898 563 1931; x_wconf 89' lang='lat' dir='ltr'><em>c.</em></span> <span class='ocrx_word' id='word_1_168' title='bbox 578 1877 603 1933; x_wconf 77' lang='lat'><em>⁵.</em></span> <span class='ocrx_word' id='word_1_169' title='bbox 949 1872 951 1885; x_wconf 85' lang='lat'>&#39;</span> 
     </span>
    </p>
   </div>
   <div class='ocr_carea' id='block_1_8' title="bbox 125 1986 1242 2160">
    <p class='ocr_par' dir='ltr' id='par_1_8' title="bbox 125 1986 1242 2160">
     <span class='ocr_line' id='line_1_19' title="bbox 158 1986 1242 2080; baseline 0.006 -31"><span class='ocrx_word' id='word_1_170' title='bbox 158 1999 213 2053; x_wconf 85' lang='lat' dir='ltr'><em>Cic.</em></span> <span class='ocrx_word' id='word_1_171' title='bbox 230 1999 259 2051; x_wconf 89' lang='lat' dir='ltr'><em>in</em></span> <span class='ocrx_word' id='word_1_172' title='bbox 277 2000 358 2065; x_wconf 79' lang='lat' dir='ltr'><em>Catil.</em></span> <span class='ocrx_word' id='word_1_173' title='bbox 376 2000 403 2064; x_wconf 93' lang='lat'><em>1,</em></span> <span class='ocrx_word' id='word_1_174' title='bbox 418 1998 445 2062; x_wconf 82' lang='grc'><strong>9,</strong></span> <span class='ocrx_word' id='word_1_175' title='bbox 461 1999 504 2051; x_wconf 89' lang='grc'><em>22.</em></span> <span class='ocrx_word' id='word_1_176' title='bbox 524 1998 597 2050; x_wconf 87' lang='lat' dir='ltr'><em>uideo</em></span> <span class='ocrx_word' id='word_1_177' title='bbox 612 2025 647 2038; x_wconf 84' lang='lat'>-</span> <span class='ocrx_word' id='word_1_178' title='bbox 664 1986 767 2067; x_wconf 65' lang='lat' dir='ltr'><em>donato</em></span> <span class='ocrx_word' id='word_1_179' title='bbox 787 2007 920 2069; x_wconf 80' lang='lat' dir='ltr'><em>tempestas</em></span> <span class='ocrx_word' id='word_1_180' title='bbox 936 2000 1053 2061; x_wconf 82' lang='lat' dir='ltr'><em>iusidias</em></span> <span class='ocrx_word' id='word_1_181' title='bbox 1068 2018 1115 2055; x_wconf 92' lang='lat' dir='ltr'><em>no-</em></span> <span class='ocrx_word' id='word_1_182' title='bbox 1138 2062 1140 2066; x_wconf 24' lang='lat'><strong><em>⁴</em></strong></span> <span class='ocrx_word' id='word_1_183' title='bbox 1233 1994 1242 2080; x_wconf 12' lang='lat' dir='ltr'><em>‘t</em></span> 
     </span>
     <span class='ocr_line' id='line_1_20' title="bbox 125 2082 1217 2160; baseline 0.005 -26"><span class='ocrx_word' id='word_1_184' title='bbox 125 2085 181 2148; x_wconf 88' lang='lat' dir='ltr'><em>bis,</em></span> <span class='ocrx_word' id='word_1_185' title='bbox 199 2085 323 2136; x_wconf 87' lang='lat' dir='ltr'><em>siminus</em></span> <span class='ocrx_word' id='word_1_186' title='bbox 339 2085 513 2154; x_wconf 77' lang='lat' dir='ltr'><em>impraesens,</em></span> <span class='ocrx_word' id='word_1_187' title='bbox 531 2111 565 2122; x_wconf 90' lang='grc'>-</span> <span class='ocrx_word' id='word_1_188' title='bbox 583 2086 613 2136; x_wconf 82' lang='lat' dir='ltr'><em>ai</em></span> <span class='ocrx_word' id='word_1_189' title='bbox 630 2082 658 2134; x_wconf 87' lang='lat' dir='ltr'><em>in</em></span> <span class='ocrx_word' id='word_1_190' title='bbox 668 2086 844 2153; x_wconf 80' lang='lat' dir='ltr'><em>posteritatem</em></span> <span class='ocrx_word' id='word_1_191' title='bbox 864 2087 1021 2160; x_wconf 80' lang='lat' dir='ltr'><em>impendeat.</em></span> <span class='ocrx_word' id='word_1_192' title='bbox 1054 2088 1115 2140; x_wconf 77' lang='lat'><em>110-</em></span> <span class='ocrx_word' id='word_1_193' title='bbox 1215 2117 1217 2121; x_wconf 21' lang='grc' dir='ltr'><strong><em>Δ</em></strong></span> 
     </span>
    </p>
   </div>
   <div class='ocr_carea' id='block_1_9' title="bbox 120 2163 1087 2241">
    <p class='ocr_par' dir='ltr' id='par_1_9' title="bbox 120 2163 1087 2241">
     <span class='ocr_line' id='line_1_21' title="bbox 120 2163 1087 2241; baseline 0.006 -21"><span class='ocrx_word' id='word_1_194' title='bbox 120 2175 173 2222; x_wconf 89' lang='lat' dir='ltr'><em>rot.</em></span> <span class='ocrx_word' id='word_1_195' title='bbox 189 2170 248 2222; x_wconf 79' lang='lat' dir='ltr'><em>Art.</em></span> <span class='ocrx_word' id='word_1_196' title='bbox 261 2163 308 2222; x_wconf 86' lang='grc'><em>44.</em></span> <span class='ocrx_word' id='word_1_197' title='bbox 318 2177 355 2222; x_wconf 87' lang='lat' dir='ltr'><em>-ut</em></span> <span class='ocrx_word' id='word_1_198' title='bbox 368 2170 494 2238; x_wconf 76' lang='lat' dir='ltr'><em>pleraque</em></span> <span class='ocrx_word' id='word_1_199' title='bbox 508 2169 618 2237; x_wconf 83' lang='lat' dir='ltr'><em>differat</em></span> <span class='ocrx_word' id='word_1_200' title='bbox 635 2175 662 2221; x_wconf 90' lang='lat' dir='ltr'><em>et</em></span> <span class='ocrx_word' id='word_1_201' title='bbox 674 2186 799 2237; x_wconf 84' lang='lat' dir='ltr'><em>praesens</em></span> <span class='ocrx_word' id='word_1_202' title='bbox 813 2169 843 2221; x_wconf 87' lang='lat' dir='ltr'><em>in</em></span> <span class='ocrx_word' id='word_1_203' title='bbox 859 2176 959 2241; x_wconf 85' lang='lat' dir='ltr'><em>tempas</em></span> <span class='ocrx_word' id='word_1_204' title='bbox 974 2173 1087 2226; x_wconf 89' lang='lat' dir='ltr'><em>omittat.</em></span> 
     </span>
    </p>
   </div>
   <div class='ocr_carea' id='block_1_10' title="bbox 139 2288 1225 2410">
    <p class='ocr_par' dir='ltr' id='par_1_10' title="bbox 139 2288 1225 2410">
     <span class='ocr_line' id='line_1_22' title="bbox 139 2288 1225 2410; baseline 0 -26"><span class='ocrx_word' id='word_1_205' title='bbox 139 2321 203 2384; x_wconf 90' lang='lat' dir='ltr'><em>Sed</em></span> <span class='ocrx_word' id='word_1_206' title='bbox 230 2344 270 2386; x_wconf 84' lang='lat' dir='ltr'><em>ex</em></span> <span class='ocrx_word' id='word_1_207' title='bbox 294 2323 353 2400; x_wconf 88' lang='lat' dir='ltr'><em>iis,</em></span> <span class='ocrx_word' id='word_1_208' title='bbox 385 2288 606 2407; x_wconf 33' lang='lat' dir='ltr'><em>quoe&#39;psullo</em></span> <span class='ocrx_word' id='word_1_209' title='bbox 626 2300 713 2383; x_wconf 30' lang='lat' dir='ltr'><em>&#39;onte</em></span> <span class='ocrx_word' id='word_1_210' title='bbox 745 2321 879 2396; x_wconf 63' lang='lat' dir='ltr'><em>monui3</em></span> <span class='ocrx_word' id='word_1_211' title='bbox 909 2293 1114 2410; x_wconf 69' lang='lat' dir='ltr'><em>intelligitur,</em></span> <span class='ocrx_word' id='word_1_212' title='bbox 1224 2379 1225 2384; x_wconf 73' lang='grc'><strong>,</strong></span> 
     </span>
    </p>
   </div>
   <div class='ocr_carea' id='block_1_11' title="bbox 10 2402 1171 2848">
    <p class='ocr_par' dir='ltr' id='par_1_11' title="bbox 10 2402 1171 2848">
     <span class='ocr_line' id='line_1_23' title="bbox 56 2402 1115 2496; baseline 0.008 -29"><span class='ocrx_word' id='word_1_213' title='bbox 56 2426 125 2491; x_wconf 90' lang='lat' dir='ltr'><em>quo</em></span> <span class='ocrx_word' id='word_1_214' title='bbox 148 2407 303 2471; x_wconf 85' lang='lat' dir='ltr'><em>modain</em></span> <span class='ocrx_word' id='word_1_215' title='bbox 319 2405 482 2495; x_wconf 69' lang='lat' dir='ltr'><em>sistrorum</em></span> <span class='ocrx_word' id='word_1_216' title='bbox 507 2406 614 2492; x_wconf 81' lang='lat' dir='ltr'><em>etiam</em></span> <span class='ocrx_word' id='word_1_217' title='bbox 629 2403 789 2490; x_wconf 86' lang='lat' dir='ltr'><em>significet</em></span> <span class='ocrx_word' id='word_1_218' title='bbox 804 2402 929 2493; x_wconf 82' lang='lat' dir='ltr'><em>futuro</em></span> <span class='ocrx_word' id='word_1_219' title='bbox 953 2421 1115 2496; x_wconf 85' lang='lat' dir='ltr'><em>tempore,</em></span> 
     </span>
     <span class='ocr_line' id='line_1_24' title="bbox 60 2491 1116 2580; baseline 0.007 -27"><span class='ocrx_word' id='word_1_220' title='bbox 60 2502 92 2554; x_wconf 89' lang='lat' dir='ltr'><em>et</em></span> <span class='ocrx_word' id='word_1_221' title='bbox 110 2493 200 2580; x_wconf 84' lang='lat' dir='ltr'><em>opud</em></span> <span class='ocrx_word' id='word_1_222' title='bbox 232 2495 431 2558; x_wconf 83' lang='lat' dir='ltr'><em>recentiores</em></span> <span class='ocrx_word' id='word_1_223' title='bbox 456 2492 635 2577; x_wconf 86' lang='lat' dir='ltr'><em>scriptores</em></span> <span class='ocrx_word' id='word_1_224' title='bbox 658 2491 695 2554; x_wconf 86' lang='lat' dir='ltr'><em>o&#39;a</em></span> <span class='ocrx_word' id='word_1_225' title='bbox 720 2513 891 2576; x_wconf 83' lang='lat' dir='ltr'><em>praesens</em></span> <span class='ocrx_word' id='word_1_226' title='bbox 908 2494 942 2558; x_wconf 89' lang='lat' dir='ltr'><em>id</em></span> <span class='ocrx_word' id='word_1_227' title='bbox 990 2495 1116 2560; x_wconf 79' lang='lat' dir='ltr'><em>undio</em></span> 
     </span>
     <span class='ocr_line' id='line_1_25' title="bbox 54 2518 1116 2664; baseline 0.005 -25"><span class='ocrx_word' id='word_1_228' title='bbox 54 2579 276 2662; x_wconf 74' lang='lat' dir='ltr'><em>praesentia,</em></span> <span class='ocrx_word' id='word_1_229' title='bbox 304 2578 481 2664; x_wconf 81' lang='lat' dir='ltr'><em>praesenti</em></span> <span class='ocrx_word' id='word_1_230' title='bbox 509 2588 671 2663; x_wconf 86' lang='lat' dir='ltr'><em>tempore.</em></span> <span class='ocrx_word' id='word_1_231' title='bbox 730 2576 783 2639; x_wconf 86' lang='lat' dir='ltr'><em>Sis</em></span> <span class='ocrx_word' id='word_1_232' title='bbox 815 2589 903 2642; x_wconf 87' lang='lat' dir='ltr'><em>certe</em></span> <span class='ocrx_word' id='word_1_233' title='bbox 933 2518 1116 2661; x_wconf 73' lang='lat' dir='ltr'><em>Sdllustius,</em></span> 
     </span>
     <span class='ocr_line' id='line_1_26' title="bbox 56 2656 1116 2749; baseline 0.005 -24"><span class='ocrx_word' id='word_1_234' title='bbox 56 2663 165 2726; x_wconf 87' lang='lat' dir='ltr'><em>Livius</em></span> <span class='ocrx_word' id='word_1_235' title='bbox 191 2665 320 2749; x_wconf 82' lang='lat' dir='ltr'><em>aliique.</em></span> <span class='ocrx_word' id='word_1_236' title='bbox 365 2665 430 2730; x_wconf 86' lang='lat' dir='ltr'><em>vid.</em></span> <span class='ocrx_word' id='word_1_237' title='bbox 456 2662 548 2726; x_wconf 88' lang='lat' dir='ltr'><em>Cort.</em></span> <span class='ocrx_word' id='word_1_238' title='bbox 574 2656 769 2726; x_wconf 82' lang='lat' dir='ltr'><em>ad&#39;Sallust.</em></span> <span class='ocrx_word' id='word_1_239' title='bbox 796 2662 866 2744; x_wconf 81' lang='lat' dir='ltr'><em>Cat.</em></span> <span class='ocrx_word' id='word_1_240' title='bbox 894 2669 951 2744; x_wconf 84' lang='lat'><em>16,</em></span> <span class='ocrx_word' id='word_1_241' title='bbox 968 2671 999 2730; x_wconf 83' lang='lat'><em>8.</em></span> <span class='ocrx_word' id='word_1_242' title='bbox 1022 2663 1116 2730; x_wconf 89' lang='lat' dir='ltr'><em>Doe-</em></span> 
     </span>
     <span class='ocr_line' id='line_1_27' title="bbox 10 2746 1171 2848; baseline 0.006 -38"><span class='ocrx_word' id='word_1_243' title='bbox 10 2800 13 2804; x_wconf 41' lang='lat'><em>.</em></span> <span class='ocrx_word' id='word_1_244' title='bbox 59 2749 202 2814; x_wconf 78' lang='lat' dir='ltr'><em>declinus</em></span> <span class='ocrx_word' id='word_1_245' title='bbox 220 2764 330 2815; x_wconf 84' lang='lat' dir='ltr'><em>autern</em></span> <span class='ocrx_word' id='word_1_246' title='bbox 350 2750 383 2813; x_wconf 91' lang='lat' dir='ltr'><em>in</em></span> <span class='ocrx_word' id='word_1_247' title='bbox 402 2751 591 2836; x_wconf 87' lang='lat' dir='ltr'><em>Syuonym.</em></span> <span class='ocrx_word' id='word_1_248' title='bbox 615 2747 653 2810; x_wconf 91' lang='lat' dir='ltr'><em>T.</em></span> <span class='ocrx_word' id='word_1_249' title='bbox 672 2756 757 2846; x_wconf 36' lang='lat' dir='ltr'><em>1.·p.</em></span> <span class='ocrx_word' id='word_1_250' title='bbox 776 2746 848 2812; x_wconf 70' lang='lat'><em>142.</em></span> <span class='ocrx_word' id='word_1_251' title='bbox 873 2749 905 2812; x_wconf 93' lang='lat' dir='ltr'><em>id</em></span> <span class='ocrx_word' id='word_1_252' title='bbox 925 2771 1045 2848; x_wconf 79' lang='lat' dir='ltr'><em>negare</em></span> <span class='ocrx_word' id='word_1_253' title='bbox 1064 2752 1116 2816; x_wconf 87' lang='lat' dir='ltr'><em>vi·</em></span> <span class='ocrx_word' id='word_1_254' title='bbox 1168 2781 1171 2786; x_wconf 88' lang='lat'><em>·</em></span> 
     </span>
    </p>
   </div>
   <div class='ocr_carea' id='block_1_12' title="bbox 57 2834 1221 3009">
    <p class='ocr_par' dir='ltr' id='par_1_12' title="bbox 57 2834 1221 3009">
     <span class='ocr_line' id='line_1_28' title="bbox 58 2834 1221 2923; baseline 0.003 -27"><span class='ocrx_word' id='word_1_255' title='bbox 58 2835 172 2916; x_wconf 87' lang='lat' dir='ltr'><em>detur,</em></span> <span class='ocrx_word' id='word_1_256' title='bbox 200 2858 303 2923; x_wconf 90' lang='lat' dir='ltr'><em>quum</em></span> <span class='ocrx_word' id='word_1_257' title='bbox 318 2835 469 2899; x_wconf 87' lang='lat' dir='ltr'><em>subtilius</em></span> <span class='ocrx_word' id='word_1_258' title='bbox 488 2834 680 2923; x_wconf 84' lang='lat' dir='ltr'><em>distinguat:</em></span> <span class='ocrx_word' id='word_1_259' title='bbox 701 2855 917 2920; x_wconf 77' lang='lat' dir='ltr'><em>impraesens</em></span> <span class='ocrx_word' id='word_1_260' title='bbox 934 2834 1116 2922; x_wconf 80' lang='lat' dir='ltr'><em>significare</em></span> <span class='ocrx_word' id='word_1_261' title='bbox 1219 2844 1221 2848; x_wconf 85' lang='lat'>&#39;</span> 
     </span>
     <span class='ocr_line' id='line_1_29' title="bbox 57 2918 1213 3009; baseline 0.001 -26"><span class='ocrx_word' id='word_1_262' title='bbox 57 2918 212 2984; x_wconf 85' lang='lat' dir='ltr'><em>futurum</em></span> <span class='ocrx_word' id='word_1_263' title='bbox 236 2933 369 3009; x_wconf 89' lang='lat' dir='ltr'><em>tempus</em></span> <span class='ocrx_word' id='word_1_264' title='bbox 392 2921 616 3009; x_wconf 85' lang='lat' dir='ltr'><em>proximum,·</em></span> <span class='ocrx_word' id='word_1_265' title='bbox 640 2919 730 3005; x_wconf 88' lang='lat' dir='ltr'><em>quod</em></span> <span class='ocrx_word' id='word_1_266' title='bbox 759 2941 824 2983; x_wconf 88' lang='lat' dir='ltr'><em>una</em></span> <span class='ocrx_word' id='word_1_267' title='bbox 848 2941 931 2986; x_wconf 40' lang='lat' dir='ltr'><em>eum.</em></span> <span class='ocrx_word' id='word_1_268' title='bbox 950 2921 1117 3007; x_wconf 81' lang='lat' dir='ltr'><em>praesenti</em></span> <span class='ocrx_word' id='word_1_269' title='bbox 1209 2976 1213 2984; x_wconf 59' lang='grc'><strong>.</strong></span> 
     </span>
    </p>
   </div>
   <div class='ocr_carea' id='block_1_13' title="bbox 54 3001 1137 3607">
    <p class='ocr_par' dir='ltr' id='par_1_13' title="bbox 54 3001 1137 3607">
     <span class='ocr_line' id='line_1_30' title="bbox 55 3001 1117 3095; baseline 0.004 -28"><span class='ocrx_word' id='word_1_270' title='bbox 55 3016 209 3094; x_wconf 85' lang='lat' dir='ltr'><em>ternpore</em></span> <span class='ocrx_word' id='word_1_271' title='bbox 236 3006 556 3095; x_wconf 79' lang='lat' dir='ltr'><em>comprehendatur:</em></span> <span class='ocrx_word' id='word_1_272' title='bbox 588 3001 655 3092; x_wconf 78' lang='lat' dir='ltr'><em>fir</em></span> <span class='ocrx_word' id='word_1_273' title='bbox 678 3005 746 3084; x_wconf 81' lang='lat' dir='ltr'><em>jezt</em></span> <span class='ocrx_word' id='word_1_274' title='bbox 773 3003 847 3069; x_wconf 81' lang='lat' dir='ltr'><em>stad</em></span> <span class='ocrx_word' id='word_1_275' title='bbox 888 3005 946 3081; x_wconf 80' lang='lat' dir='ltr'><em>die</em></span> <span class='ocrx_word' id='word_1_276' title='bbox 976 3007 1117 3073; x_wconf 79' lang='lat' dir='ltr'><em>roricioste</em></span> 
     </span>
     <span class='ocr_line' id='line_1_31' title="bbox 55 3089 1137 3180; baseline 0.003 -25"><span class='ocrx_word' id='word_1_277' title='bbox 55 3092 255 3179; x_wconf 77' lang='lat' dir='ltr'><em>Folgezeit:</em></span> <span class='ocrx_word' id='word_1_278' title='bbox 278 3106 376 3180; x_wconf 83' lang='lat' dir='ltr'><em>atque</em></span> <span class='ocrx_word' id='word_1_279' title='bbox 395 3097 439 3160; x_wconf 85' lang='lat' dir='ltr'><em>ito</em></span> <span class='ocrx_word' id='word_1_280' title='bbox 456 3113 524 3156; x_wconf 88' lang='lat' dir='ltr'><em>non</em></span> <span class='ocrx_word' id='word_1_281' title='bbox 548 3089 582 3154; x_wconf 92' lang='lat' dir='ltr'><em>id</em></span> <span class='ocrx_word' id='word_1_282' title='bbox 599 3090 753 3166; x_wconf 82' lang='lat' dir='ltr'><em>indicari,</em></span> <span class='ocrx_word' id='word_1_283' title='bbox 777 3092 869 3178; x_wconf 87' lang='lat' dir='ltr'><em>quod</em></span> <span class='ocrx_word' id='word_1_284' title='bbox 892 3092 1002 3175; x_wconf 90' lang='lat' dir='ltr'><em>ipsum</em></span> <span class='ocrx_word' id='word_1_285' title='bbox 1026 3114 1137 3167; x_wconf 10' lang='lat' dir='ltr'><em>nunc*</em></span> 
     </span>
     <span class='ocr_line' id='line_1_32' title="bbox 54 3176 1118 3265; baseline 0.006 -26"><span class='ocrx_word' id='word_1_286' title='bbox 54 3177 133 3255; x_wconf 86' lang='lat' dir='ltr'><em>fiot,</em></span> <span class='ocrx_word' id='word_1_287' title='bbox 154 3177 208 3239; x_wconf 87' lang='lat' dir='ltr'><em>sed</em></span> <span class='ocrx_word' id='word_1_288' title='bbox 230 3179 275 3253; x_wconf 88' lang='lat' dir='ltr'><em>id,</em></span> <span class='ocrx_word' id='word_1_289' title='bbox 300 3179 390 3265; x_wconf 90' lang='lat' dir='ltr'><em>quod</em></span> <span class='ocrx_word' id='word_1_290' title='bbox 409 3180 535 3242; x_wconf 84' lang='lat' dir='ltr'><em>ratione</em></span> <span class='ocrx_word' id='word_1_291' title='bbox 554 3177 661 3240; x_wconf 81' lang='lat' dir='ltr'><em>futuri</em></span> <span class='ocrx_word' id='word_1_292' title='bbox 677 3176 1118 3265; x_wconf 75' lang='lat' dir='ltr'><em>temporishabitoiuterim</em></span> 
     </span>
     <span class='ocr_line' id='line_1_33' title="bbox 54 3262 1117 3354; baseline 0.005 -29"><span class='ocrx_word' id='word_1_293' title='bbox 54 3262 130 3325; x_wconf 88' lang='lat' dir='ltr'><em>fieri</em></span> <span class='ocrx_word' id='word_1_294' title='bbox 150 3262 288 3326; x_wconf 70' lang='lat' dir='ltr'><em>(licetur.</em></span> <span class='ocrx_word' id='word_1_295' title='bbox 331 3265 372 3340; x_wconf 77' lang='lat' dir='ltr'><em>At</em></span> <span class='ocrx_word' id='word_1_296' title='bbox 390 3263 470 3328; x_wconf 86' lang='lat' dir='ltr'><em>hsce</em></span> <span class='ocrx_word' id='word_1_297' title='bbox 485 3262 624 3327; x_wconf 88' lang='lat' dir='ltr'><em>redeunt</em></span> <span class='ocrx_word' id='word_1_298' title='bbox 642 3262 681 3326; x_wconf 84' lang='lat' dir='ltr'><em>ad</em></span> <span class='ocrx_word' id='word_1_299' title='bbox 700 3285 753 3341; x_wconf 86' lang='lat' dir='ltr'><em>eu,</em></span> <span class='ocrx_word' id='word_1_300' title='bbox 778 3284 860 3354; x_wconf 83' lang='lat' dir='ltr'><em>quoe</em></span> <span class='ocrx_word' id='word_1_301' title='bbox 878 3262 981 3354; x_wconf 80' lang='lat' dir='ltr'><em>mpdo</em></span> <span class='ocrx_word' id='word_1_302' title='bbox 1007 3286 1117 3352; x_wconf 83' lang='lat' dir='ltr'><em>expo-</em></span> 
     </span>
     <span class='ocr_line' id='line_1_34' title="bbox 56 3346 1118 3414; baseline 0.002 -2"><span class='ocrx_word' id='word_1_303' title='bbox 56 3348 118 3412; x_wconf 89' lang='lat' dir='ltr'><em>sui.</em></span> <span class='ocrx_word' id='word_1_304' title='bbox 161 3346 248 3410; x_wconf 86' lang='lat' dir='ltr'><em>Nom</em></span> <span class='ocrx_word' id='word_1_305' title='bbox 265 3349 463 3412; x_wconf 78' lang='lat' dir='ltr'><em>aecusativus</em></span> <span class='ocrx_word' id='word_1_306' title='bbox 482 3370 553 3411; x_wconf 87' lang='lat' dir='ltr'><em>non</em></span> <span class='ocrx_word' id='word_1_307' title='bbox 578 3347 700 3411; x_wconf 82' lang='lat' dir='ltr'><em>indicat</em></span> <span class='ocrx_word' id='word_1_308' title='bbox 724 3347 875 3413; x_wconf 88' lang='lat' dir='ltr'><em>futurum</em></span> <span class='ocrx_word' id='word_1_309' title='bbox 895 3360 961 3414; x_wconf 89' lang='lat' dir='ltr'><em>tem</em></span> <span class='ocrx_word' id='word_1_310' title='bbox 991 3371 1027 3414; x_wconf 88' lang='lat' dir='ltr'><em>us</em></span> <span class='ocrx_word' id='word_1_311' title='bbox 1053 3371 1118 3414; x_wconf 80' lang='lat' dir='ltr'><em>una</em></span> 
     </span>
     <span class='ocr_line' id='line_1_35' title="bbox 57 3372 1117 3522; baseline 0.004 -26"><span class='ocrx_word' id='word_1_312' title='bbox 57 3432 301 3519; x_wconf 88' lang='lat' dir='ltr'><em>comprehendi</em></span> <span class='ocrx_word' id='word_1_313' title='bbox 320 3443 376 3496; x_wconf 85' lang='lat' dir='ltr'><em>uut</em></span> <span class='ocrx_word' id='word_1_314' title='bbox 394 3455 471 3498; x_wconf 89' lang='lat' dir='ltr'><em>cum</em></span> <span class='ocrx_word' id='word_1_315' title='bbox 487 3435 652 3521; x_wconf 74' lang='lat' dir='ltr'><em>praesenti</em></span> <span class='ocrx_word' id='word_1_316' title='bbox 675 3435 848 3516; x_wconf 85' lang='lat' dir='ltr'><em>connecti,</em></span> <span class='ocrx_word' id='word_1_317' title='bbox 870 3431 927 3499; x_wconf 83' lang='lat' dir='ltr'><em>sed</em></span> <span class='ocrx_word' id='word_1_318' title='bbox 951 3372 1117 3522; x_wconf 65' lang='lat' dir='ltr'><em>id,-quad</em></span> 
     </span>
     <span class='ocr_line' id='line_1_36' title="bbox 57 3516 665 3607; baseline -0.002 -26"><span class='ocrx_word' id='word_1_319' title='bbox 57 3517 131 3595; x_wconf 84' lang='lat' dir='ltr'><em>fiat,</em></span> <span class='ocrx_word' id='word_1_320' title='bbox 156 3520 303 3607; x_wconf 83' lang='lat' dir='ltr'><em>tempori</em></span> <span class='ocrx_word' id='word_1_321' title='bbox 319 3516 484 3606; x_wconf 74' lang='lat' dir='ltr'><em>praesenti</em></span> <span class='ocrx_word' id='word_1_322' title='bbox 499 3517 665 3606; x_wconf 84' lang='lat' dir='ltr'><em>assignari.</em></span> 
     </span>
    </p>
   </div>
   <div class='ocr_carea' id='block_1_14' title="bbox 121 3646 1118 3814">
    <p class='ocr_par' dir='ltr' id='par_1_14' title="bbox 121 3646 1118 3814">
     <span class='ocr_line' id='line_1_37' title="bbox 164 3646 1118 3732; baseline 0.002 -20"><span class='ocrx_word' id='word_1_323' title='bbox 164 3660 275 3713; x_wconf 82' lang='lat' dir='ltr'><em>Sallust.</em></span> <span class='ocrx_word' id='word_1_324' title='bbox 293 3662 354 3714; x_wconf 83' lang='lat' dir='ltr'><em>Cat.</em></span> <span class='ocrx_word' id='word_1_325' title='bbox 371 3658 413 3725; x_wconf 90' lang='grc'><strong>16,</strong></span> <span class='ocrx_word' id='word_1_326' title='bbox 428 3659 455 3712; x_wconf 94' lang='grc'><em>3.</em></span> <span class='ocrx_word' id='word_1_327' title='bbox 475 3662 497 3712; x_wconf 90' lang='lat' dir='ltr'><em>si</em></span> <span class='ocrx_word' id='word_1_328' title='bbox 511 3675 604 3732; x_wconf 83' lang='lat' dir='ltr'><em>caussa</em></span> <span class='ocrx_word' id='word_1_329' title='bbox 620 3646 745 3726; x_wconf 75' lang='lat' dir='ltr'><em>peciondi</em></span> <span class='ocrx_word' id='word_1_330' title='bbox 757 3658 786 3708; x_wconf 88' lang='lat' dir='ltr'><em>in</em></span> <span class='ocrx_word' id='word_1_331' title='bbox 800 3674 926 3726; x_wconf 84' lang='lat' dir='ltr'><em>psaesens</em></span> <span class='ocrx_word' id='word_1_332' title='bbox 950 3660 1035 3712; x_wconf 87' lang='lat' dir='ltr'><em>minos</em></span> <span class='ocrx_word' id='word_1_333' title='bbox 1055 3679 1118 3730; x_wconf 88' lang='lat' dir='ltr'><em>sap·</em></span> 
     </span>
     <span class='ocr_line' id='line_1_38' title="bbox 121 3742 1117 3814; baseline -0.001 -17"><span class='ocrx_word' id='word_1_334' title='bbox 121 3746 240 3814; x_wconf 86' lang='lat' dir='ltr'><em>petebat,</em></span> <span class='ocrx_word' id='word_1_335' title='bbox 258 3747 342 3798; x_wconf 81' lang='lat' dir='ltr'><em>nihilo</em></span> <span class='ocrx_word' id='word_1_336' title='bbox 357 3745 444 3798; x_wconf 82' lang='lat' dir='ltr'><em>minas</em></span> <span class='ocrx_word' id='word_1_337' title='bbox 459 3745 573 3800; x_wconf 79' lang='lat' dir='ltr'><em>insontes</em></span> <span class='ocrx_word' id='word_1_338' title='bbox 585 3742 662 3794; x_wconf 85' lang='lat' dir='ltr'><em>sicuti</em></span> <span class='ocrx_word' id='word_1_339' title='bbox 675 3749 758 3794; x_wconf 86' lang='lat' dir='ltr'><em>sontes</em></span> <span class='ocrx_word' id='word_1_340' title='bbox 772 3744 961 3796; x_wconf 84' lang='lat' dir='ltr'><em>circumuenire.</em></span> <span class='ocrx_word' id='word_1_341' title='bbox 996 3743 1056 3798; x_wconf 78' lang='lat' dir='ltr'><em>niv.</em></span> <span class='ocrx_word' id='word_1_342' title='bbox 1073 3743 1117 3809; x_wconf 77' lang='grc'><strong>26,</strong></span> 
     </span>
    </p>
   </div>
   <div class='ocr_carea' id='block_1_15' title="bbox 125 3820 1219 3894">
    <p class='ocr_par' dir='ltr' id='par_1_15' title="bbox 125 3820 1219 3894">
     <span class='ocr_line' id='line_1_39' title="bbox 125 3820 1219 3894; baseline 0.002 -15"><span class='ocrx_word' id='word_1_343' title='bbox 125 3827 211 3892; x_wconf 57' lang='lat' dir='ltr'><em>ssa.</em></span> <span class='ocrx_word' id='word_1_344' title='bbox 230 3820 380 3883; x_wconf 73' lang='lat' dir='ltr'><em>hisamitas</em></span> <span class='ocrx_word' id='word_1_345' title='bbox 396 3831 464 3882; x_wconf 87' lang='lat' dir='ltr'><em>caris</em></span> <span class='ocrx_word' id='word_1_346' title='bbox 479 3830 509 3880; x_wconf 89' lang='lat' dir='ltr'><em>id</em></span> <span class='ocrx_word' id='word_1_347' title='bbox 526 3827 666 3880; x_wconf 88' lang='lat' dir='ltr'><em>modoeose</em></span> <span class='ocrx_word' id='word_1_348' title='bbox 680 3828 797 3880; x_wconf 85' lang='lat' dir='ltr'><em>salutare</em></span> <span class='ocrx_word' id='word_1_349' title='bbox 811 3827 975 3894; x_wconf 78' lang='lat' dir='ltr'><em>impraesens</em></span> <span class='ocrx_word' id='word_1_350' title='bbox 989 3831 1117 3883; x_wconf 84' lang='lat' dir='ltr'><em>oredeloot.</em></span> <span class='ocrx_word' id='word_1_351' title='bbox 1164 3883 1167 3887; x_wconf 71' lang='grc'><strong>,</strong></span> <span class='ocrx_word' id='word_1_352' title='bbox 1217 3821 1219 3825; x_wconf 56' lang='grc'>’</span> 
     </span>
    </p>
   </div>
   <div class='ocr_carea' id='block_1_16' title="bbox 125 3908 1117 4173">
    <p class='ocr_par' dir='ltr' id='par_1_16' title="bbox 125 3908 1117 4173">
     <span class='ocr_line' id='line_1_40' title="bbox 125 3908 1117 3991; baseline 0 -27"><span class='ocrx_word' id='word_1_353' title='bbox 125 3913 170 3980; x_wconf 90' lang='grc'><em>42,</em></span> <span class='ocrx_word' id='word_1_354' title='bbox 188 3913 240 3978; x_wconf 73' lang='grc'><strong>47,</strong></span> <span class='ocrx_word' id='word_1_355' title='bbox 258 3913 283 3966; x_wconf 86' lang='grc'><em>8.</em></span> <span class='ocrx_word' id='word_1_356' title='bbox 307 3915 378 3968; x_wconf 81' lang='lat' dir='ltr'><em>coni.</em></span> <span class='ocrx_word' id='word_1_357' title='bbox 392 3914 532 3968; x_wconf 78' lang='lat' dir='ltr'><em>Drakenb.</em></span> <span class='ocrx_word' id='word_1_358' title='bbox 548 3911 584 3965; x_wconf 81' lang='lat' dir='ltr'><em>eol</em></span> <span class='ocrx_word' id='word_1_359' title='bbox 599 3910 626 3976; x_wconf 77' lang='grc'><strong>’1,</strong></span> <span class='ocrx_word' id='word_1_360' title='bbox 639 3909 683 3975; x_wconf 84' lang='grc'><strong>36,</strong></span> <span class='ocrx_word' id='word_1_361' title='bbox 700 3911 726 3963; x_wconf 91' lang='lat'><em>1.</em></span> <span class='ocrx_word' id='word_1_362' title='bbox 744 3908 839 3965; x_wconf 78' lang='lat' dir='ltr'><em>Teoit·</em></span> <span class='ocrx_word' id='word_1_363' title='bbox 854 3911 923 3991; x_wconf 58' lang='lat' dir='ltr'><em>dnn.</em></span> <span class='ocrx_word' id='word_1_364' title='bbox 937 3911 972 3979; x_wconf 93' lang='grc'><strong>3,</strong></span> <span class='ocrx_word' id='word_1_365' title='bbox 986 3913 1030 3966; x_wconf 82' lang='grc'><em>28.</em></span> <span class='ocrx_word' id='word_1_366' title='bbox 1050 3914 1117 3965; x_wconf 84' lang='lat' dir='ltr'><em>Gel-</em></span> 
     </span>
     <span class='ocr_line' id='line_1_41' title="bbox 127 3995 1117 4069; baseline -0.001 -19"><span class='ocrx_word' id='word_1_367' title='bbox 127 3999 181 4051; x_wconf 87' lang='lat' dir='ltr'><em>lius</em></span> <span class='ocrx_word' id='word_1_368' title='bbox 197 3999 239 4063; x_wconf 90' lang='grc'><strong>12,</strong></span> <span class='ocrx_word' id='word_1_369' title='bbox 256 3999 299 4050; x_wconf 90' lang='grc'><em>12.</em></span> <span class='ocrx_word' id='word_1_370' title='bbox 319 4000 550 4069; x_wconf 69' lang='grc' dir='ltr'><em>ᾳυυτηρεουηίαπι</em></span> <span class='ocrx_word' id='word_1_371' title='bbox 565 3999 594 4049; x_wconf 85' lang='lat' dir='ltr'><em>ia</em></span> <span class='ocrx_word' id='word_1_372' title='bbox 613 4013 735 4066; x_wconf 83' lang='lat' dir='ltr'><em>psaesens</em></span> <span class='ocrx_word' id='word_1_373' title='bbox 756 4014 806 4050; x_wconf 88' lang='lat' dir='ltr'><em>non</em></span> <span class='ocrx_word' id='word_1_374' title='bbox 821 3997 936 4054; x_wconf 73' lang='lat' dir='ltr'><em>loolmet·</em></span> <span class='ocrx_word' id='word_1_375' title='bbox 968 3998 1049 4066; x_wconf 71' lang='lat' dir='ltr'><em>sonu</em></span> <span class='ocrx_word' id='word_1_376' title='bbox 1070 3995 1117 4050; x_wconf 83' lang='lat' dir='ltr'><em>ci-</em></span> 
     </span>
     <span class='ocr_line' id='line_1_42' title="bbox 125 4081 804 4173; baseline 0 -37"><span class='ocrx_word' id='word_1_377' title='bbox 125 4101 254 4138; x_wconf 83' lang='lat' dir='ltr'><em>ceronem</em></span> <span class='ocrx_word' id='word_1_378' title='bbox 270 4085 506 4153; x_wconf 83' lang='lat' dir='ltr'><em>trustru¹quosros</em></span> <span class='ocrx_word' id='word_1_379' title='bbox 519 4081 653 4140; x_wconf 79' lang='lat' dir='ltr'><em>eiusmodi</em></span> <span class='ocrx_word' id='word_1_380' title='bbox 668 4084 804 4173; x_wconf 75' lang='lat' dir='ltr'><em>exemplo.</em></span> 
     </span>
    </p>
   </div>
   <div class='ocr_carea' id='block_1_17' title="bbox 123 4180 826 4251">
    <p class='ocr_par' dir='ltr' id='par_1_17' title="bbox 123 4180 826 4251">
     <span class='ocr_line' id='line_1_43' title="bbox 123 4180 826 4251; baseline -0.001 -2"><span class='ocrx_word' id='word_1_381' title='bbox 123 4183 182 4250; x_wconf 90' lang='grc' dir='ltr'><strong>ΙΙΙ.</strong></span> <span class='ocrx_word' id='word_1_382' title='bbox 394 4180 399 4196; x_wconf 90' lang='grc'><strong>’</strong></span> <span class='ocrx_word' id='word_1_383' title='bbox 569 4237 573 4251; x_wconf 61' lang='grc'><strong>.</strong></span> <span class='ocrx_word' id='word_1_384' title='bbox 783 4186 826 4248; x_wconf 77' lang='lat'><em>22</em></span> 
     </span>
    </p>
   </div>
   <div class='ocr_carea' id='block_1_18' title="bbox 0 0 1325 4770">
    <p class='ocr_par' dir='ltr' id='par_1_18' title="bbox 0 0 1325 4770">
     <span class='ocr_line' id='line_1_44' title="bbox 0 0 1325 4770; baseline 0 0"><span class='ocrx_word' id='word_1_385' title='bbox 0 0 1325 4770; x_wconf 95' lang='lat' dir='ltr'><em> </em></span> 
     </span>
    </p>
   </div>
  </div>
 </body>
</html>
