2632 4770
138 275 205 340 mo
584 255 741 324 nucu.
947 211 950 218 ’
1222 208 1227 289 ¹

213 423 331 498 nipast
351 420 382 474 ts
400 414 535 486 'ngenium
561 430 664 478 meurs,
695 411 933 525 perdidi‘operam
955 402 1103 482 patrorum
1132 415 1199 470 tato·

262 512 313 563 ido.
1033 542 1042 557 .

213 532 334 666 Wli’lam.
353 604 434 657 Most.
451 601 478 669 3,
492 601 520 666 2,
534 598 561 654 5.
584 619 636 653 non
651 600 719 654 milri
727 581 801 668 forte
822 601 915 654 uisum
931 602 1001 656 illico
1016 605 1095 674 suit,
1113 605 1199 677 spotia
1218 566 1227 651 i

212 712 284 769 quom
296 691 440 762 prandium
457 704 536 756 qoam
556 687 660 737 solitum
675 687 756 739 dedit.
1225 720 1227 725 .

242 796 331 850 Plani.
346 787 446 845 Pseud.
461 791 486 854 l,
501 790 527 853 3,
542 786 586 842 Π.
610 790 681 840 illico
702 791 768 842 uiuit
788 797 910 856 amator,
928 791 975 843 ulti
995 792 1085 844 lenoni
1106 793 1197 861 placet·
1225 840 1227 847 .

209 881 296 936 Stich.
311 876 338 942 4,
357 877 384 943 1,
397 873 442 929 51.
461 877 522 928 Cas.
535 871 562 940 4,
578 871 605 939 4,
622 872 648 926 6.
668 872 781 927 Terent.
802 877 853 929 Ad.
868 875 894 939 4,
906 873 935 940 4,
954 874 997 927 lu.
1014 875 1062 944 (8.)
1083 879 1131 930 tili
1146 895 1196 930 eom

208 966 264 1020 cidi
273 998 281 1028 ,
298 964 369 1015 illico
389 963 489 1013 accedo.
524 961 594 1012 Eun.
609 959 635 1025 l,
649 959 677 1024 2,
693 959 737 1012 53.
756 961 847 1012 Plaut.
866 960 967 1028 Amph.
981 961 1008 1027 l,
1024 962 1050 1026 l,
1067 961 1114 1014 61.
1140 963 1195 1014 tae

206 1051 251 1105 ubi
266 1048 347 1118 legati
358 1047 503 1115 pertulere,
523 1046 678 1113 Amphitruo
694 1048 784 1098 castris
796 1045 866 1098 illico
887 1049 1007 1115 producit
1030 1065 1136 1101 omnent
1158 1065 1196 1099 ox-

138 1167 142 1176 ·
205 1137 320 1190 meltum.
353 1128 434 1184 Most.
451 1130 518 1195 1,3,
535 1127 595 1180 118.
613 1147 680 1197 quae
699 1131 764 1183 vitia
785 1132 900 1200 corporis
913 1136 981 1200 suco
1001 1133 1141 1196 occulunt,
1158 1133 1196 1183 uli

206 1237 259 1274 sese
273 1219 354 1270 endor
372 1233 430 1268 oum
444 1216 587 1284 unguentis
607 1216 774 1279 consociavit,
791 1216 861 1267 illico
876 1205 968 1269 itidem
982 1217 1064 1269 olent.
1103 1212 1195 1269 Pseud.

207 1305 234 1370 1,
251 1303 278 1369 5,
295 1301 340 1354 tn
359 1319 404 1352 cur
417 1301 481 1352 ilaec
498 1300 541 1350 uli
555 1306 583 1350 tn
600 1297 727 1352 nescivisti
744 1301 831 1363 illico,
857 1301 958 1353 caelato
976 1317 1018 1352 me
1042 1309 1115 1354 sant·
1146 1303 1214 1354 Bu.

206 1391 282 1444 thius
297 1385 407 1455 scripsit
425 1387 500 1437 eloco.
536 1385 652 1438 Comma
666 1397 735 1451 pune
750 1390 815 1436 ante
835 1385 925 1448 illico,
944 1391 975 1438 et
990 1403 1025 1438 ex
1039 1386 1102 1438 cod.
1116 1387 1194 1455 putat.

207 1473 322 1530 restituo
340 1477 370 1525 tu
386 1462 441 1522 ubl.

134 1597 137 1601 ·
244 1575 341 1631 Celsus
360 1573 386 1640 7,
404 1572 431 1638 5,
446 1572 472 1658 3.
492 1586 571 1641 quum
595 1570 625 1624 in
646 1590 708 1626 cauo
732 1583 820 1626 mucro
840 1578 895 1638 est,
914 1572 984 1625 illico
998 1574 1050 1625 duc
1068 1574 1150 1644 digiti
1164 1601 1193 1612 -

208 1665 285 1718 simul
295 1667 486 1732 ferramentum
501 1659 529 1710 td
546 1659 687 1711 extrahunt
704 1665 728 1711 et
745 1659 835 1711 telum.
852 1657 872 1710 i.
891 1675 916 1710 e.
930 1657 1013 1710 simul
1035 1664 1122 1726 atque
1141 1677 1193 1712 mu·

205 1765 253 1801 cro
271 1745 298 1799 iu
317 1759 416 1798 cavum
434 1740 547 1804 incidit,
570 1741 652 1812 digiti
669 1740 755 1796 tolum
773 1743 930 1824 extrahunt.

163 1866 165 1871 ⁴
242 1851 335 1903 Plaut.
350 1843 450 1909 54114,
465 1842 492 1907 4,
511 1841 554 1894 41).
571 1861 648 1911 quam
663 1849 787 1915 extemplo
803 1848 850 1898 hoc
870 1842 920 1900 crit'
932 1850 1055 1913 factum,
1074 1850 1121 1900 uli
1134 1844 1192 1900 intro

205 1938 270 1992 haec
291 1934 406 1994 abierit,
432 1932 469 1982 ili
490 1937 517 1980 tu
541 1930 608 1979 illico
629 1930 717 1995 facito
739 1940 767 1982 ut
788 1933 877 1983 oenias
897 1933 955 1985 leuc.
996 1931 1192 1987 Lindemannus

131 2008 133 2011 ¹
205 2015 359 2080 sententia,
379 2021 409 2066 ut
424 2010 481 2077 uit,
501 2015 655 2080 postulante
672 2013 793 2066 correxit
808 2032 886 2083 quum
903 1997 1046 2085 extemplo:
1057 2081 1060 2086 ,
1073 2023 1112 2073 At
1122 2021 1191 2073 Trin.

129 2165 132 2170 ¹
206 2102 233 2168 2,
250 2099 336 2165 1,16.
356 2116 435 2167 qaum
450 2097 575 2166 extemplo
592 2099 649 2149 saci
663 2100 767 2166 sagittis
788 2110 953 2168 permissuri,
970 2103 1040 2154 illico
1064 2123 1108 2160 res
1123 2112 1191 2174 soros

206 2188 318 2240 lebiton·
346 2183 452 2237 Tamen
467 2184 570 2237 Bacch.
586 2180 614 2246 2,
630 2183 657 2245 3,
673 2182 716 2234 69.
740 2185 802 2251 quid
823 2185 883 2237 illi?
917 2204 961 2240 cn.
1000 2191 1100 2243 Tristes
1121 2195 1190 2258 illico,

204 2288 280 2342 quom
296 2266 371 2338 (edit.
386 2287 427 2336 pr.
442 2271 513 2336 cum)
530 2271 656 2336 extemplo
672 2287 689 2321 o
703 2277 781 2338 portu
797 2270 897 2322 irenes
914 2288 971 2347 corp
986 2291 1054 2326 auro
1069 2276 1162 2330 vident.

241 2373 300 2428 cte.
322 2391 348 2440 p.
362 2374 434 2425 Mur.
450 2371 492 2434 1⁰,
508 2371 552 2425 22.
580 2374 656 2424 simul
679 2381 756 2442 atque
779 2373 904 2443 increpuit
924 2379 1036 2447 euspicio
1056 2383 1188 2446 tumultus,

204 2468 275 2516 artes
289 2469 393 2512 nostrae
409 2460 479 2511 illico
494 2459 673 2511 conticescunt.

239 2563 333 2616 Plaut·
347 2560 445 2614 Pseud.
459 2559 486 2625 4,
502 2559 528 2625 l,
540 2559 568 2611 4.
591 2578 654 2633 anm
670 2559 715 2628 qai
735 2557 827 2611 liberos
848 2577 902 2613 esse
923 2561 993 2614 illico
1013 2581 1040 2616 se
1063 2567 1188 2619 arbitron-

201 2654 262 2713 tur,
283 2665 314 2700 es
337 2652 473 2715 conspectu
491 2642 549 2698 lteri
564 2647 587 2697 si
609 2645 651 2698 sui
673 2663 699 2696 se
722 2646 893 2709 addiderunt,
913 2647 1050 2703 locantur.
1094 2653 1187 2720 Amph.

201 2732 228 2798 2,
246 2732 273 2798 2,
286 2730 311 2786 5.
330 2734 370 2785 ito
384 2732 425 2784 dis
440 2731 566 2799 placitum
577 2731 756 2797 ,ootoptatem
779 2738 808 2782 ut
824 2745 923 2783 moeror
948 2751 1034 2787 mmet
1056 2754 1186 2807 consequa.

148 2818 152 2824 ’
203 2824 273 2882 tur,
291 2818 352 2886 quia
375 2815 530 2868 incommodi
549 2815 609 2882 plus
634 2814 749 2882 malique
768 2816 838 2868 illico
860 2794 1028 2893 odsitffni
1047 2823 1071 2872 si
1095 2824 1184 2893 obtigit

202 2902 278 2970 quid.
315 2899 428 2952 Terent.
444 2899 514 2950 Eun.
530 2895 557 2962 4,
572 2897 599 2964 6,
619 2898 646 2951 2.
663 2900 687 2954 ti
701 2900 779 2955 illam
800 2898 888 2970 digito
901 2903 1024 2974 attigerit
1042 2924 1112 2974 uno,
1127 2909 1183 2961 ocuti

200 2988 271 3040 illico
290 2988 460 3054 effodientor.
1069 3009 1073 3015 -

125 3128 126 3131 ’
195 3164 199 3181 .
217 3126 249 3188 8.
265 3119 496 3221 ,ὃὶιηιῐίἰΐετιᾶο
513 3141 572 3203 eo,
595 3117 685 3211 quud
704 3117 830 3186 nullum
847 3120 1000 3213 admittit
1016 3131 1178 3217 exceptio·

128 3229 230 3308 nem,
256 3208 351 3273 ollcco
369 3216 527 3294 ponitur,
549 3209 823 3295 praecedentibus
850 3210 957 3275 verbis
977 3224 1015 3277 ut
1041 3219 1177 3305 quisque,

87 3313 96 3338 l

131 3306 323 3432 quellelfiuut.
345 3378 428 3431 Poen.
451 3378 477 3448 3,
493 3381 519 3442 1,
534 3376 576 3433 39.
595 3387 629 3433 ut
648 3380 754 3450 quisque
774 3382 917 3449 accideret,
938 3402 996 3436 eum
1012 3388 1136 3440 accolam
1150 3386 1175 3437 il-

195 3467 254 3518 lico.
287 3463 367 3531 Epid.
390 3462 475 3530 2,1,
497 3464 524 3517 l.
547 3467 637 3534 pocius
661 3466 757 3535 quoties
779 3466 923 3536 sepulerum
944 3471 1031 3538 vides,
1049 3475 1174 3542 saorofiou

196 3551 266 3604 illics
284 3552 349 3604 Orco
366 3551 461 3604 hostiis.

130 3748 133 3751 -
212 3701 378 3768 &Rarior
393 3701 523 3766 videtur
536 3703 683 3769 formula
699 3704 737 3769 in
750 3702 924 3794 principio
942 3707 1059 3787 illico,
1085 3725 1180 3796 quum

128 3786 285 3858 Germani
301 3790 479 3852 dicuntae
498 3786 648 3877 Anfang
669 3790 804 3878 gleiclo,
828 3805 860 3855 et
887 3816 970 3879 quoe
994 3806 1071 3859 situl
1088 3796 1185 3863 huius
1225 3820 1227 3839 ¹

127 3877 266 3961 generis.
308 3874 536 3955 Iurisconsulti
552 3888 731 3964 opponunt
745 3878 858 3967 illico,
881 3880 971 3967 quod
990 3892 1040 3946 est
1055 3884 1091 3947 in
1109 3885 1189 3970 ipso

126 3971 222 4046 actu,
240 3973 273 4026 ct
289 3970 426 4049 postea.
1059 3977 1060 3980 ’
1217 3960 1221 3969 “

230 4081 321 4141 thu‘t
335 4081 415 4151 Epiri.
436 4080 464 4146 8,
481 4077 552 4148 1,·4.
573 4072 641 4150 sciui
658 4084 825 4153 equidmin
843 4077 984 4155 principia
993 4085 1064 4140 illico
1084 4087 1197 4140 nullw
