2632 4770
529 254 644 344 Mox..
1058 259 1117 345 coi

133 407 178 476 48,
199 408 261 463 lut.
290 413 456 479 exspectem,
487 410 571 463 ueluti
593 410 682 463 coerrd
702 425 783 478 quum
804 408 907 463 mittere
930 408 1037 478 riguam
1054 410 1115 474 coit,

132 512 219 549 omnes
241 494 312 547 aridi
333 500 452 563 spectant
468 494 506 546 cd
520 496 633 547 aarum
651 510 726 558 oras,
743 510 821 561 quoru
836 511 896 547 uos
909 494 1015 547 emittet
1034 493 1113 561 pictis

22 592 30 605 ·
131 580 290 647 ascarides
312 595 413 631 currao.
447 575 558 632 utana·
581 578 656 632 hand
679 576 827 646 prudenter
847 577 917 631 haec
941 575 1059 630 mutarit
1081 576 1111 631 in

131 681 184 731 qua
197 681 270 728 mos,
287 662 360 731 guod
377 659 488 715 etiarnsi
505 659 535 715 in
551 661 638 715 libris
662 660 824 730 quibusdem
841 660 959 730 antiquis
980 666 1109 724 exstuat,

131 746 318 813 compendium
333 742 482 798 ¹scribendi
506 752 595 813 esset,
617 745 720 799 lincoln
740 743 959 814 superimposita.
999 745 1061 799 niv.
1081 744 1110 810 d,

129 828 172 897 31,
189 829 214 885 5.
239 829 265 894 5,
279 826 323 892 45,
338 828 364 880 1.
381 844 492 895 corporo
505 837 612 891 cerem,
630 829 725 883 intenti
740 847 818 896 quom
836 846 895 884 succ
909 830 1017 898 signam
1029 830 1109 881 dors·

129 921 183 969 tur.
225 913 335 980 Optimo
360 910 517 965 Gronovius
537 910 658 977 restituit
680 913 773 967 vertis.
806 911 965 978 34,11,4.
983 920 1008 968 et
1028 928 1107 982 quom

127 1016 187 1051 moa
200 998 286 1066 signis
299 996 402 1048 collatis
415 996 594 1050 dimicandum
608 997 659 1050 eiii
671 997 701 1049 io
711 998 766 1051 dies
780 1004 911 1067 erueret.
1086 1004 1109 1037 ⁴

161 1100 253 1151 Plout.
268 1096 339 1151 Ruri.
353 1097 380 1162 2,
395 1097 422 1164 8,
438 1098 481 1150 12.
509 1117 586 1167 qaam
608 1116 666 1150 mos
689 1107 786 1154 soctan
806 1107 842 1153 ert
860 1100 1027 1167 prandium?
1044 1097 1062 1150 i.
1080 1114 1104 1152 e.

127 1185 161 1236 ist
182 1185 230 1234 dus
252 1183 418 1253 lilittugsmul
441 1201 497 1236 uun
520 1184 582 1236 leid
603 1182 702 1236 lereitl
736 1181 823 1235 Stich.
845 1180 969 1246 4,1‚28.
992 1181 1103 1248 Rnddl,

127 1267 193 1333 r,1.
210 1284 289 1335 auom
305 1283 363 1319 suos
383 1267 441 1320 lieet
462 1273 487 1321 ts
509 1268 677 1335 compellare,
697 1268 849 1320 Daemones.
872 1264 891 1317 i.
907 1282 931 1316 e.
951 1283 1021 1319 weoo
1043 1268 1102 1321 eles·

126 1352 196 1402 kann
211 1352 252 1403 ioli
267 1352 326 1404 diali
340 1350 485 1421 spreoltea?
520 1350 595 1404 ldcm
611 1350 670 1404 lere
689 1354 737 1431 est
748 1349 818 1419 quod
831 1364 910 1401 nuno.
1103 1350 1107 1357 '

160 1453 251 1506 Plaut.
264 1453 310 1506 ds.
327 1451 392 1517 2,4,
408 1449 451 1506 43.
467 1472 544 1522 quom
560 1471 620 1506 moe
634 1454 699 1506 milri
713 1469 819 1522 operm
831 1453 888 1505 dar.
920 1448 1025 1503 Eodem
1039 1466 1102 1503 rer·
1166 1428 1169 1433 ⁴

33 1538 36 1543 '
126 1538 163 1589 tro
178 1537 278 1590 Pseud.
300 1535 334 1602 4,
350 1535 383 1602 ¹1,
398 1535 441 1592 10.
475 1536 615 1590 Sententia
631 1543 689 1590 est:
707 1553 788 1605 quarn
809 1544 905 1605 gratus
924 1551 961 1586 er.
996 1532 1101 1587 Bacch.
1194 1574 1198 1582 .

127 1619 194 1686 4‚.8‚
209 1620 252 1673 39.
269 1640 347 1691 qrraur
365 1639 423 1674 roos
439 1620 513 1684 dico,
528 1621 604 1672 dolo.
621 1621 649 1672 lr-
665 1636 688 1674 e.
703 1619 804 1677 stetini.

144 1736 196 1795 13.
225 1730 432 1794 Recentiores
457 1733 637 1815 scriptores
657 1732 692 1795 in
719 1750 781 1795 usu
803 1728 902 1795 huius
924 1727 1102 1816 particulae

58 1836 130 1879 non
152 1835 256 1901 pauca
274 1825 456 1891 novarent,
479 1826 512 1877 et
534 1817 579 1879 ita
601 1814 754 1901 quidem,
777 1825 814 1881 ut
830 1836 908 1879 mox
932 1837 1003 1879 non
1025 1824 1102 1879 tan-

60 1913 132 1964 tum
163 1898 204 1965 de
227 1918 437 1985 quocumque
461 1909 611 1986 tempore
633 1904 834 1986 posteriore,
859 1898 1036 1965 sedetiam
1060 1897 1102 1962 de
1197 1970 1202 1979 ²

58 1985 159 2049 rebus
189 2006 249 2069 per
274 2007 373 2049 omne
399 1994 530 2071 tempus
561 1986 722 2049 mansuris
755 1985 875 2049 dixisse
906 1985 1102 2049 viderentur.

62 2069 170 2133 Veluti
189 2068 327 2148 Quintil.
348 2075 465 2149 12,10,
485 2073 538 2133 te.
566 2071 724 2159 qrrocirca
737 2070 824 2135 milri
839 2093 882 2134 ne
895 2070 951 2135 laic
986 2068 1102 2134 uidem

60 2155 150 2218 lacus
166 2153 315 2218 intactus
332 2166 381 2218 est
400 2153 623 2230 omittendae,
645 2154 735 2243 qrrod
754 2155 870 2242 pierres
892 2176 950 2219 eru
978 2156 1104 2218 iterum

26 2296 29 2300 .
61 2240 170 2303 aliam
185 2260 255 2303 esse
274 2238 412 2303 dicendi
426 2240 614 2317 rationem,
634 2242 742 2304 aliam
763 2238 935 2304 'scribendi
953 2250 1102 2327 putare-3

60 2334 159 2387 runt:
188 2323 328 2410 ideoque
349 2325 382 2387 in
415 2324 552 2410 agerado
581 2325 789 2389 clarissimos
840 2324 985 2388 uaedam
1015 2322 1105 2389 nihil

54 2408 255 2495 posteritati
276 2410 510 2497 mansurisque
531 2430 610 2473 mos
635 2408 759 2475 litteris
781 2348 966 2495 reliquisse.
1018 2410 1103 2472 Ges-

61 2515 159 2559 nerus
173 2515 243 2557 non
258 2495 328 2557 sinc
348 2515 458 2557 caussa
476 2494 516 2557 de
531 2495 716 2579 integritate
737 2493 884 2557 vocabuli
907 2516 984 2557 mox
1003 2492 1119 2565 dubi-,

60 2579 160 2643 tavit:
181 2600 259 2642 nam
277 2579 366 2665 quod
382 2578 590 2666 Spaldiugius
607 2589 720 2644 mouet
735 2601 804 2643 esse
820 2578 989 2664 deinceps,
1006 2588 1102 2662 post·

60 2685 164 2750 qaam
178 2662 403 2728 detonuerunt
419 2662 517 2728 verba
533 2676 566 2728 et
580 2688 688 2744 uoces,
709 2674 888 2752 propterea
913 2685 979 2726 nou
996 2671 1104 2748 potest

60 2747 252 2837 approbari,
275 2750 365 2834 quod
382 2771 460 2813 mox
478 2771 546 2814 non
561 2749 600 2813 ed
616 2749 790 2835 reliquisse
806 2758 941 2835 spectat,
962 2757 994 2810 et
1016 2748 1104 2811 litte·

60 2856 118 2897 rac
136 2835 325 2920 exprimunt
339 2833 383 2911 id,
400 2833 491 2920 quod
506 2857 568 2898 nos
585 2835 742 2898 Germani
756 2833 813 2899 die
827 2832 1024 2897 Litteratur
1041 2853 1104 2918 ap-

62 2918 232 3005 pellamus.
254 2919 396 2983 Litterae
413 2941 494 2983 mox
509 2940 681 2984 mansurae
699 2919 798 3003 igitur
812 2928 898 2994 suot,
919 2939 1000 3002 quae
1018 2915 1105 3000 apud

31 3016 34 3021 ·
90 3014 218 3067 osteros
236 3027 294 3089 per
313 3026 413 3068 omno
437 3015 566 3092 tempus
581 3006 764 3091 'insequens
788 3003 977 3067 manebunt.
1021 3001 1102 3065 Plin.

61 3028 146 3152 lin.
164 3111 197 3152 n.
215 3092 245 3166 2,
263 3090 314 3166 47,
332 3092 384 3152 lo.
407 3100 531 3155 ueteres
548 3100 692 3178 qriatuor
709 3088 852 3171 (ventos)
873 3088 1011 3153 omnino
1032 3107 1106 3150 ser-

63 3197 182 3239 vavere
192 3194 257 3257 per
271 3173 413 3236 totidem
426 3174 548 3238 mundi
555 3187 679 3262 partes
692 3211 735 3224 -
749 3173 860 3238 hebeti
868 3221 877 3249 ,
900 3184 937 3236 ut
956 3192 1034 3235 mox
1050 3171 1106 3234 iu-
1167 3222 1170 3227 .

63 3259 219 3323 dicatum
234 3269 295 3332 est,
319 3259 464 3323 ratione.
485 3260 508 3322 i.
525 3282 553 3323 e.
572 3283 589 3322 a
606 3261 757 3340 posteris.
788 3259 853 3322 Sed
868 3257 1011 3322 fortasse
1025 3276 1107 3340 neg-

62 3345 221 3426 ligentior
235 3353 306 3415 erat
320 3343 442 3405 Plinius
459 3345 493 3408 in
511 3345 573 3407 hae
592 3345 745 3422 dictione,
760 3354 798 3407 ut
813 3343 1014 3429 exprimeret
1029 3362 1107 3404 scn-

10 3422 13 3429 ’
63 3451 140 3494 sum
160 3426 335 3491 verborum
350 3427 388 3490 in
406 3427 468 3492 der
483 3428 603 3516 Folge.
1068 3434 1093 3463 '¹

150 3548 202 3611 14.
242 3545 456 3610 Grammatioi
488 3546 639 3633 quidam,
681 3547 808 3613 etiamsi
840 3567 907 3611 non
939 3544 1111 3621 nescirent,

66 3640 198 3718 tempus
217 3651 286 3694 non
302 3640 392 3694 retro
406 3631 551 3711 moveri,
572 3643 684 3697 tamen
698 3655 776 3696 max
793 3632 891 3696 etiam
908 3630 948 3694 de
962 3641 1111 3717 praeter-

66 3719 116 3781 ito
138 3728 290 3802 tempore
314 3716 377 3780 dici
392 3716 427 3780 in
445 3717 631 3781 universum
647 3716 829 3805 affirmant,
869 3715 932 3780 Sed
950 3738 1034 3800 quae
1058 3712 1115 3778 afa·

66 3800 179 3866 ferrent
195 3800 348 3888 exempla
369 3803 423 3867 vix
447 3800 624 3869 sufficiunt.
665 3803 749 3868 Nam
773 3804 807 3867 in
826 3802 921 3867 statii
936 3800 1045 3879 Theb.
1062 3802 1114 3873 12,

67 3889 144 3951 815.
164 3885 230 3949 sire
245 3887 365 3951 scribes
379 3909 458 3950 mox
474 3887 538 3952 tibi
550 3887 583 3951 si
601 3887 677 3976 quis
699 3887 811 3952 adduc
826 3885 1025 3974 praetendit
1048 3904 1115 3944 nu-

68 3970 142 4035 ln‘la
159 3970 256 4050 livor,
278 3971 403 4035 occidit
418 3984 450 4036 et
465 3972 580 4038 meriti
591 3984 670 4059 poet
682 3995 736 4039 me
750 3970 940 4061 referentur
953 3971 1116 4032 lineares.-

68 4058 137 4123 sire
154 4077 230 4121 cum
248 4057 319 4121 aliis
341 4056 433 4123 libris
454 4057 602 4136 occidet,
624 4058 872 4147 intelligendum
897 4066 944 4124 est
968 4052 1119 4117 litterum
