2632 4770
449 241 694 314 uacruuvs.
1071 252 1092 317 a

46 407 133 462 esset
148 396 216 459 lanc
229 406 334 480 purte
354 405 452 462 tenus
464 443 478 470 ,,
496 419 627 485 semper
650 397 690 462 de
711 395 786 460 loco
809 404 843 459 et
863 395 903 463 de
919 420 974 479 re,
990 421 1093 468 num·
1203 468 1205 477 ,

48 504 147 567 quarn
173 481 215 544 de
238 491 389 567 tempore
408 481 534 550 dictum
554 504 638 548 esse..
683 481 771 549 Eum
793 493 975 566 sequuntur
993 485 1089 572 Kap-

48 570 121 654 pius
138 566 181 629 ad
195 564 295 629 lensii
319 565 526 631 Collectanea
539 590 577 655 ρ.
590 568 638 632 15.
662 567 777 633 etalii.
825 565 976 653 Denique
998 570 1089 635 Hou-

50 655 197 737 singerus.
226 650 402 717 Obseruat
425 674 465 737 pa
480 653 559 719 410.
584 660 693 720 totam
715 651 942 737 quaestionem
968 657 1089 721 arctius

53 736 222 803 adstrinxit
238 745 272 798 et
287 733 471 820 prudenter
485 735 595 804 docuit
604 784 617 816 ,.
633 738 799 806 lacaenas
819 758 923 822 quum
938 738 978 804 de
998 750 1086 805 tem-

71 845 124 887 ore
141 819 342 908 capiendum
356 819 522 889 videretur
529 871 544 904 ,
564 822 650 890 nihil>
672 822 763 895 aliud.
779 820 805 887 si
831 820 960 889 nificare
986 846 1086 912 quam

52 845 109 973 lae.
126 903 198 974 fine-
217 915 331 982 tenus,
349 905 387 972 id
406 917 455 971 est
469 905 535 970 buo
554 928 677 992 usque,
697 929 767 971 non
792 842 899 988 uitro,
918 931 990 973 nou
1013 932 1085 974 am-

54 993 144 1081 ptus
189 991 302 1079 Atque-
320 989 371 1061 illi
392 993 649 1059 assentiebantur
674 993 882 1079 grammatici
910 994 1103 1080 Zumptius

56 1088 143 1162 atque
163 1075 234 1143 aliia
272 1073 403 1142 Nouam
421 1069 644 1146 taruennam
663 1079 829 1164 aperuisse-
848 1076 909 1142 sibi
931 1079 1019 1143 visus
1034 1089 1085 1143 est

55 1161 291 1228 Lindemannus
309 1160 353 1227 de
364 1159 508 1229 Aduenb.
526 1167 562 1229 2.
579 1181 619 1248 p·
633 1167 688 1231 13.
707 1161 976 1243 demonstrando,
998 1165 1083 1228 boc·
1177 1236 1179 1239 ,

59 1257 144 1314 tenus.
160 1247 304 1333 proprie·
319 1244 431 1311 ualere,
446 1245 510 1311 hoc
531 1256 652 1312 tenore·
667 1268 797 1335 porro,
821 1245 882 1314 hac
904 1248 957 1313 uia
978 1250 1083 1312 conti-

58 1353 114 1395 nuo
127 1380 143 1411 ,,
157 1329 275 1395 deinde
291 1351 363 1397 esse
380 1352 452 1395 non
468 1333 554 1396 ultra
569 1330 669 1397 huius
683 1332 811 1398 tenoris
823 1331 1001 1412 terminos,
1021 1333 1083 1399 dc-

59 1417 152 1502 nique-
175 1413 327 1483 adhunc
352 1435 461 1504 usquc-
479 1416 614 1485 locumt
651 1416 792 1506 ideoque
831 1437 1014 1503 numquam
1041 1417 1083 1483 de

60 1511 201 1598 tempore
214 1497 290 1566 dici..
329 1498 427 1581 Quae
438 1502 605 1568 conclusio
621 1525 694 1571 nou
707 1513 786 1590 apte·
796 1501 980 1568 absolvitur.
1022 1504 1082 1566 At·

60 1607 115 1670 que
127 1606 197 1672 ipse·
207 1584 382 1665 concedit,
396 1586 432 1651 in.
444 1586 487 1650 iis
497 1587 686 1662 sententiis„
701 1609 784 1672 quae
806 1586 847 1650 de
861 1597 1014 1672 tempore
1029 1587 1081 1652 di-

62 1681 121 1735 ctae-
137 1670 328 1744 videantur,
348 1668 496 1743 ,loci'uel
515 1672 562 1736 rei
594 1670 825 1757 significationi
843 1671 986 1735 multum
1013 1694 1082 1751 esse

10 1806 12 1821 .
64 1775 222 1819 commune
239 1775 316 1819 cum
330 1757 493 1852 temporis
506 1758 693 1827 notationea
723 1756 852 1821 Omnes.
863 1777 954 1834 vero,
968 1756 1022 1839 qui
1040 1753 1082 1818 de

64 1838 155 1904 hacne
168 1840 391 1929 disputarunt,
400 1863 437 1906 111
447 1863 489 1904 eo
498 1842 647 1908 maxime
660 1849 844 1928 peccarunt,
860 1840 949 1927 quod
957 1861 1023 1902 non
1040 1838 1082 1902 ad

66 1924 106 1987 ori
125 1925 210 1992 inem
225 1922 380 1990 vocabuli
392 1937 632 2011 respexerunt,
648 1947 756 2012 neque
775 1923 904 1991 diuersa
917 1934 1083 2014 tempora,

66 1947 163 2100 qubus
177 2030 259 2073 usus.
268 2010 460 2074 immutatus
476 2019 536 2089 est,
550 2011 631 2075 satis
644 2010 878 2078 distinxerunt.

133 2094 243 2163 Tema
265 2114 372 2179 quum
391 2093 561 2183 duplicem
584 2094 703 2162 habeat
721 2093 957 2185 significatum,
980 2101 1018 2155 ut
1040 2093 1082 2156 sit

67 2188 110 2243 aut
121 2201 176 2266 per
191 2179 336 2264 aliquam
349 2180 520 2265 regionem
537 2180 589 2244 uel
604 2202 666 2265 per
678 2180 822 2269 aliquem
844 2179 958 2271 locum
978 2197 1082 2265 usque

66 2264 100 2328 ad
117 2264 209 2330 aliam
227 2285 321 2343 tem,
348 2285 435 2350 quae·
457 2265 646 2350 attingitur,
662 2275 718 2332 aut
739 2286 811 2330 non
831 2263 920 2330 ultra
940 2262 1084 2348 aliquem

10 2370 13 2379 ·
63 2349 244 2429 terminum,¹
260 2349 458 2414 uocabulum>
479 2351 644 2418 lauotenus,
664 2352 690 2415 si
715 2349 824 2431 ‘ifioat
840 2347 883 2412 ad
904 2347 992 2413 hunc
1017 2357 1083 2412 ter-

63 2433 175 2501 minum
193 2455 317 2523 usque:
342 2432 395 2497 bia
410 2434 544 2507 dilabor,
567 2433 617 2499 bis
638 2373 839 2583 aufiliesen
861 2433 989 2507 Punot,
1011 2453 1083 2500 non

63 2516 241 2586 waltunc,
260 2520 456 2586 terminum,
500 2517 607 2604 quue
626 2529 658 2585 et
692 2521 744 2585 oci
767 2530 799 2582 et
823 2517 989 2605 temporis
1013 2538 1082 2578 esse

61 2614 173 2693 potest,
189 2604 380 2689 nequeulla
394 2603 484 2668 ratio
502 2603 630 2676 obstat,
651 2624 719 2689 quo
736 2606 850 2667 minus
868 2600 953 2665 banc
968 2601 1080 2664 notio-

57 2710 129 2754 nem
144 2689 186 2755 sd
205 2700 349 2777 tempus:
360 2687 558 2762 referamus,
581 2688 636 2753 cui
656 2690 756 2754 etiam
775 2686 829 2751 sui
848 2695 925 2750 sunt
947 2685 1082 2749 termini

56 2792 168 2860 suaque
180 2773 266 2839 finis.
307 2766 384 2838 Huc
401 2783 511 2838 autem
526 2774 626 2839 etium
639 2773 680 2839 de
702 2784 859 2870 tempore
878 2771 960 2849 diei,
978 2791 1081 2833 mon-

53 2860 222 2926 movimus
241 2860 279 2926 in
297 2859 457 2925 antehac..
504 2857 547 2923 Et
569 2859 636 2925 iam
658 2860 786 2944 antiqua
812 2855 1017 2944 grammatici
1037 2855 1082 2917 ita

51 2953 253 3009 censueram.
299 2942 431 3010 Festusa
456 2953 619 3028 quatenus
645 2940 824 3031 significat
846 2964 914 3029 qua
926 2936 1020 3027 fine,
1044 2949 1081 3001 ut

49 3028 208 3097 bootem
229 3029 295 3096 bac
316 3024 398 3114 fine.
451 3029 581 3092 Servius
604 3028 645 3091 ad
668 3035 749 3096 Aen.
770 3031 812 3106 6„
832 3029 886 3090 62.
908 3026 1084 3107 haelenae,
1119 3077 1121 3080 ,

49 3115 229 3201 laurusque,
253 3111 293 3178 id
308 3123 369 3192 est,
384 3113 449 3185 ‚tio
460 3113 505 3176 ait
518 3109 613 3196 finis..
655 3113 766 3197 Quare
783 3132 853 3175 non
869 3108 1003 3174 decebat
1019 3106 1082 3170 du-

32 3198 167 3274 trime,
187 3218 272 3263 num
286 3197 365 3287 haec
388 3197 547 3286 particula
567 3201 727 3284 potuisset
749 3197 790 3260 de
812 3206 966 3281 tempore
986 3213 1083 3257 usur-

47 3284 145 3371 psat,
166 3282 225 3347 sed
241 3301 399 3367 quaerere
412 3282 550 3359 licebat,
567 3304 672 3364 num,
693 3283 781 3370 quod
796 3281 905 3367 potuit
920 3278 1010 3360 fieri,
1032 3277 1083 3340 di-

45 3381 139 3435 ctum
154 3376 424 3453 menumquam.
464 3367 574 3454 Atque
585 3368 696 3453 ipsum
716 3369 782 3431 hoc
797 3364 992 3430 vocabulum
1014 3385 1083 3424 non

44 3455 180 3521 uastas
198 3464 393 3540 usurpatum
421 3449 519 3517 fuisse
550 3453 694 3538 uulgaris
721 3453 805 3517 vitae
838 3447 1083 3519 consuetudine,

44 3539 104 3605 sed
125 3539 161 3604 in
178 3539 277 3603 usum
291 3537 417 3603 uenisse
433 3536 609 3622 proprium
628 3536 717 3624 apud
727 3535 873 3601 eruditos
889 3544 1034 3599 oratores
1052 3541 1083 3595 et

41 3635 197 3691 auctores
210 3622 448 3689 doctrinarum.
488 3622 626 3686 Nullum
648 3623 737 3687 enim
759 3623 826 3685 eius
849 3621 1084 3685 documentum

46 3717 183 3799 apparet
197 3706 531 3791 in'comictspoottsa
551 3730 626 3771 nam
643 3707 735 3793 quod
756 3706 842 3792 apud
865 3705 1014 3769 Plautum
1036 3701 1085 3767 le-

46 3800 133 3881 gitur
157 3803 318 3871 eatenus,
337 3790 459 3857 fulsum
482 3801 515 3856 et
538 3805 825 3878 corruptum-esse
846 3790 912 3855 iam
932 3788 1033 3855 Tom.
1052 3791 1084 3853 2.

45 3902 80 3967 p.
94 3880 169 3943 341.
185 3876 268 3941 dixi.
308 3875 578 3961 Antiquissimum
600 3879 690 3942 verbi
706 3888 868 3962 qaaotenus
884 3873 1086 3956 exemplum,

44 3963 134 4051 quod
158 3971 284 4044 exstat,
305 3971 439 4025 notatur
461 3961 589 4025 altesao
612 3960 711 4027 fuisse
735 3962 768 4023 in
794 3961 940 4041 oratione
958 3957 1087 4042 Scipio-

43 4052 95 4119 uia
111 4045 273 4119 Africani.
313 4048 382 4115 Hac
400 4067 475 4114 uero
501 4069 542 4113 ex
557 4067 665 4115 caussa
684 4047 892 4133 intelligitur,
916 4040 1086 4130 quomodo
