2632 4770
519 249 667 321 turns.
722 338 728 345 Κ
856 281 859 291 ,
973 301 976 305 .
1045 229 1122 331 '387

145 417 179 492 t)
201 411 347 498 Iasatper
363 417 395 473 et
409 427 512 494 super
527 429 545 471 a
560 399 702 470 librariis
721 405 791 470 fere
817 407 937 498 ubique
961 382 1117 485 commu!-

59 506 126 565 tata
142 509 230 563 sunt.
275 496 329 565 vd.
347 492 520 562 Drakenb.
536 491 577 557 ad
592 493 664 559 Liv.
682 497 736 576 21,
752 497 803 570 34,
825 499 855 560 6.

455 694 714 783 INTER.

144 869 255 935 larsa
281 890 323 934 ex
352 867 389 931 in
414 874 447 930 et
473 862 651 929 adverbiali
674 862 798 950 syllaba
825 876 878 931 ter
899 865 1026 936 fastum
1050 896 1119 943 esse
1168 886 1170 902 ¹

60 979 161 1022 nemo
192 978 263 1019 non
293 953 390 1018 videt.
441 951 529 1014 Haeo
557 971 632 1013 vero
658 959 770 1014 utrum
794 974 858 1037 pro
883 953 951 1019 iter
982 958 1118 1037 dicatur,

59 1055 98 1107 ut
117 1042 250 1105 Iahnius
270 1035 634 1104 inmansuetius.
655 1058 688 1120 p.
708 1040 762 1099 77.
781 1048 890 1123 putat,
913 1064 953 1105 an
976 1043 991 1106 i
1008 1046 1041 1107 in
1059 1048 1120 1110 ad·
1193 1067 1199 1076 ·

61 1130 182 1193 verbiis
207 1128 249 1190 sit
281 1125 416 1212 genitivi
448 1120 587 1193 vocalis,
626 1121 725 1184 voluti
752 1121 956 1208 ‘brevi-ter,
993 1131 1122 1196 etiamsi
1220 1194 1225 1203 ,

24 1239 31 1259 ·
63 1216 171 1279 omitti
204 1213 327 1299 possit,
346 1221 398 1274 ‘ut
421 1230 462 1272 ex
484 1207 677 1294 propi-ter
698 1205 756 1269 fiat
774 1221 932 1294 propter,
960 1212 994 1277 id
1024 1216 1121 1283 facile

89 1310 174 1363 otest
192 1297 380 1373 diiudicari,
404 1316 506 1381 quum
534 1293 872 1374 horumnominum,
894 1317 977 1382 quae
993 1299 1007 1363 i
1022 1303 1057 1365 in
1084 1327 1121 1368 se

60 1325 204 1463 liabent,
239 1384 371 1447 nullum
396 1381 599 1466 reperiatur,
631 1377 683 1441 cui
707 1400 778 1441 non
807 1381 953 1446 vocalem
986 1388 1121 1470 genitivi
1186 1427 1187 1431 =

18 1503 20 1507 ’
62 1472 298 1538 adscribamus.
342 1465 545 1553 Significatio
564 1463 680 1529 eadem
701 1474 751 1526 est
776 1475 873 1549 atque
900 1466 933 1530 in
957 1479 996 1533 to
1018 1483 1051 1536 et
1072 1475 1121 1539 ti.-

64 1580 166 1644 quare
192 1555 296 1618 aliter
321 1555 419 1618 etiarn
444 1551 614 1614 dicebatur
638 1548 771 1628 attala,
808 1560 841 1614 et
862 1552 914 1616 uti
942 1559 1122 1642 respondet

64 1642 227 1708 vocabulo
253 1641 317 1703 ita.
369 1638 485 1723 Neque
517 1657 594 1699 vero
631 1633 712 1697 haee
741 1636 931 1701 terminatio
962 1645 1136 1728 exprimit.
1200 1648 1205 1659 ’

67 1725 458 1810 sinrilitudinern,quam
477 1720 684 1806 grammatici
700 1719 910 1798 dicunt,sed
925 1729 1121 1795 seminali.
1182 1733 1222 1796 J
1295 1800 1296 1811 ἵ

66 1813 144 1898 quid
162 1811 286 1875 intendi
304 1811 370 1873 slve
393 1809 432 1872 ad
458 1807 581 1893 aliquid
603 1806 691 1954 repi,
714 1806 815 1892 idque
837 1817 870 1871 et
891 1809 1006 1876 'locum
1031 1813 1122 1879 desi·-

64 1909 145 1982 gnat
163 1898 197 1960 in
214 1893 509 1982 praepositionibus
528 1903 559 1956 et
577 1915 633 1956 mo
660 1913 715 1954 um
733 1895 767 1956 in
792 1894 965 1973 adverbiis.
1008 1900 1122 1980 Quare
1194 1969 1203 1983 .

63 1985 156 2048 inter
187 1993 236 2046 est
265 1982 302 2044 in
336 1979 535 2044 adhaerente
560 1979 700 2042 notione
730 1979 1036 2061 extensionis,.vel
1061 2008 1122 2050 ex.

62 2070 252 2156 pensionis,
282 2087 345 2151 qua
377 2065 487 2150 aliquo
515 2074 624 2150 vergat
649 2067 713 2126 res.
758 2063 810 2127 Sic
833 2065 893 2128 sub
916 2079 1063 2134 mutatur
1085 2074 1121 2136 in

64 2152 189 2217 subter.
241 2150 349 2215 Latini
377 2151 476 2238 igitur
507 2149 569 2213 bae
591 2150 701 2214 forma
732 2171 772 2213 ex
798 2149 925 2216 simunt
948 2153 1002 2230 id,
1030 2157 1122 2243 quod

65 2239 224 2303 Germani
249 2235 498 2313 arianensia,
520 2235 729 2300 laindieunt.
773 2173 844 2299 llos
867 2238 972 2303 modo
995 2239 1122 2308 lacteam
1194 2265 1200 2292 -·

65 2335 115 2388 est
134 2322 348 2402 adverbium,
370 2322 414 2389 de
431 2322 522 2384 cuius
539 2342 601 2384 usu
619 2319 692 2404 vide
708 2320 911 2407 Priscianum
929 2329 980 2390 14.
995 2350 1028 2414 p.
1046 2333 1125 2394 991.

64 2410 270 2496 Praepositio
288 2419 396 2472 autem
420 2408 633 2491 coniungitur
651 2426 726 2468 oum
743 2409 923 2472 accusativo
948 2433 1039 2497 casu,
1088 2415 1141 2480 ui'

64 2518 142 2560 eum
168 2497 229 2558 ista
255 2495 393 2558 notione
417 2492 610 2556 intentionis
634 2491 825 2556 naturaliter
846 2497 1009 2582 congruit.
1052 2437 1123 2563 'lla-

64 2605 142 2646 men
171 2580 255 2644 nibil
278 2578 498 2666 impediebat,
527 2599 593 2663 quo
617 2577 727 2652 minus
750 2588 876 2644 veteres
901 2582 1011 2647 Latini
1031 2582 1122 2650 inter

66 2668 108 2731 de
124 2666 307 2756 rebusnon
323 2664 425 2728 motis
442 2675 475 2728 et
490 2663 530 2727 de
550 2662 658 2750 quiete
678 2665 893 2751 usurparent:
919 2690 995 2733 nam
1012 2667 1047 2732 in
1063 2669 1122 2735 de-

65 2752 224 2838 signanda
245 2751 313 2815 loci
336 2751 466 2814 ratione
493 2771 607 2814 rerum
638 2748 737 2812 situm
765 2761 795 2812 et
823 2749 985 2817 ambitum
1016 2755 1120 2820 oculis
1305 2815 1310 2827 ,

66 2839 133 2902 sive
154 2840 267 2902 animo
311 2836 528 2922 essequimur.
573 2834 732 2898 Germani
744 2845 869 2900 veteres
885 2859 927 2900 ex
943 2851 1015 2919 arnt,
1031 2840 1121 2927 quod
1171 2852 1175 2863 ‘¹
1253 2859 1281 2901 ι·

64 2925 151 2988 valet
170 2925 250 3004 lain,
276 2860 428 3007 liicerunt
449 2932 558 2984 linter.
603 2918 705 2998 Quod
723 2943 800 2985 vero
816 2926 1021 3007 grammatici
1070 2927 1122 2990 ui·
1177 2927 1182 2937 '

64 3010 141 3072 darn
174 3010 280 3073 nostri
312 3008 493 3095 temporis,
540 3006 575 3069 in
608 3004 728 3091 quibus
764 3007 870 3072 miror
897 3010 998 3074 etiarn
1029 2950 1121 3078 blax.
1201 3020 1204 3025 '

66 3095 273 3158 sahmidium
298 3116 367 3158 esse
392 3094 425 3157 in
445 3093 633 3156 Commeat.
657 3090 698 3155 de
721 3092 878 3157 Pronom.
904 3117 938 3182 p.
956 3101 1027 3178 79„
1051 3108 1121 3162 sta-

64 3190 199 3244 tuerunt
216 3181 306 3242 inter
322 3181 419 3244 etiam
439 3201 513 3242 oum
533 3177 675 3241 ablativo
695 3181 918 3265 compositum
936 3203 1016 3261 esse,
1038 3181 1121 3249 falsa

66 3287 108 3329 ex
132 3265 288 3346 opinione
312 3265 352 3328 de
375 3266 451 3330 loco
474 3263 636 3345 Varronis
658 3263 699 3326 de
722 3264 815 3352 Ling.
838 3265 893 3328 lat.
917 3271 947 3346 6,
964 3273 994 3331 2.
1012 3273 1060 3348 (7,
1076 3273 1121 3348 8.)

65 3350 202 3439 prodiit.
247 3348 295 3412 lbi
313 3351 400 3413 enirn
423 3351 456 3412 in
482 3347 628 3413 formula
653 3347 786 3432 antiqua
809 3351 944 3437 legitur:
968 3354 1059 3418 inter
1078 3375 1121 3418 eo

65 3436 290 3522 conregione,
313 3436 545 3519 conspicisne,
570 3433 797 3509 cortumione,
822 3449 921 3523 aitque
940 3462 981 3501 eo
998 3441 1121 3504 rectis-

47 3524 150 3586 sime
168 3522 269 3585 sensi.
315 3519 411 3586 Inter
431 3544 473 3585 ee
499 3517 592 3582 reddi
617 3519 710 3582 debet
740 3521 906 3586 zwisalten
936 3525 1064 3589 diesem
1088 3536 1122 3590 et

66 3608 204 3693 intelligi
222 3607 434 3672 accusativus.
477 3603 553 3670 vid.
570 3603 703 3669 Mulieri
716 3605 781 3670 Res
798 3607 928 3672 Etruso.
950 3616 980 3688 3,
997 3615 1027 3693 6,
1042 3617 1074 3676 3.

152 3769 182 3826 1.
208 3761 306 3826 Inter
327 3758 427 3845 igitur
443 3757 509 3821 anti
536 3781 580 3822 uo
644 3782 751 3847 upro
774 3759 812 3824 in
833 3760 953 3825 dicitur
979 3762 1019 3826 de
1043 3762 1119 3827 loco

67 3848 155 3914 etde
177 3847 274 3911 rebus
298 3847 334 3908 in
357 3844 398 3908 ali
425 3865 467 3908 uo
508 3867 571 3909 oco
597 3835 881 3913 versaatffiffiut
907 3829 1175 3934 positum*

67 3957 130 4020 que
148 3957 205 3997 auc
224 3955 296 3996 ores
314 3953 368 4016 qui
394 3954 446 3994 am
463 3954 517 3996 me
542 3955 591 3996 rae
607 3943 639 3998 et
663 3945 830 4011 extremae
846 3932 1014 3997 latinitatis
1041 3934 1120 3996 insi·
1191 3967 1197 3978 x

66 4023 126 4085 tati
152 4029 238 4082 sunt.
281 4017 360 4080 Non
391 4027 520 4082 tantum
546 4018 700 4104 pluralis,
733 4021 921 4093 sedetiam
945 4019 1119 4103 singularis

65 4127 224 4171 numerus
241 4101 417 4167 nominum
432 4105 587 4191 sequitur.
928 4107 936 4124 “

739 4189 840 4302 25⁴¹!
