2632 4770
543 267 628 332 trs.
678 338 683 347 Ι
1050 278 1114 345 457

60 423 194 489 strativa
211 422 414 509 syllabam,
445 422 499 489 cui
522 422 680 504 cognitae
701 419 829 487 formae
851 439 929 489 sunt
947 438 1001 495 tas
1024 427 1113 515 (vide

64 504 202 597 igitur),
224 520 309 583 tum,
328 506 357 572 n·
371 511 388 589 (
390 507 424 569 in
441 507 520 588 nti),
540 517 620 573 tam.
634 506 683 592 (in
696 506 802 589 item).
847 509 1014 577 Nimirum
1034 520 1111 602 opi.

61 599 199 660 nionem
218 594 308 658 illam
332 602 511 666 vetustam,
531 611 632 676 quam
652 592 756 657 Hem.
781 593 967 679 Stephanus
992 598 1112 665 defen.
1162 657 1164 660 Α

52 682 129 755 dit,
155 681 207 744 ito
226 703 293 744 esse
315 700 471 763 graecum
497 673 577 755 εἶτα,
599 677 654 741 rix
679 699 800 764 operae
821 681 962 764 pretium
985 695 1033 748 est
1057 710 1110 751 re·

60 765 186 833 furarer
207 763 288 830 haec
303 766 392 828 enim
410 761 564 827 vocabula
579 784 641 825 nec
665 763 791 849 origine
814 785 874 827 nec
898 768 1110 850 significatio-

60 874 102 915 na
116 852 203 914 inter
218 873 252 914 se
273 859 460 913 nectuntur.
505 847 600 911 Ratio
617 869 712 915 vero.
737 869 821 933 quae.
840 855 928 915 iuter
952 854 981 917 is
1004 869 1036 921 et
1055 859 1110 922 ita

60 935 244 1017 intercedit,
262 935 374 1013 endem
393 944 452 1009 est,
475 952 557 1018 quae
573 933 659 1009 inter
672 926 761 1007 οὗτος
775 945 806 998 et
824 931 920 1019 oileus
935 952 1081 1025 apparet.

161 1055 322 1108 Priscianus
338 1073 363 1120 p.
380 1052 457 1106 1007.
473 1055 514 1104 ita
528 1051 624 1105 retulit
639 1051 709 1103 inter
725 1052 857 1107 adverbia
872 1055 1022 1122 prirnitiva,
1039 1079 1109 1130 qnae

127 1141 233 1193 nullom
249 1141 375 1208 regulam
390 1139 424 1192 ad
440 1134 646 1191 similitudinem
662 1136 708 1188 rel
722 1136 898 1191 collationem
913 1141 1030 1197 aliorum
1045 1141 1109 1214 poe·

48 1258 54 1281 ,1
127 1232 188 1278 sent
213 1225 357 1292 accipere,
389 1222 472 1290 idque
502 1219 675 1275 confirmarit
706 1229 868 1288 argumento
890 1225 1016 1292 syllabae
1043 1220 1107 1283 ηοξ.
1191 1236 1194 1241 ·

128 1314 226 1379 reniae
243 1329 270 1363 a.

141 1406 522 1560 Signi-finnt-fao-fflffi
549 1430 624 1472 eum
652 1408 689 1471 in
712 1406 867 1488 modum,
896 1419 993 1495 utque
1025 1413 1109 1479 defi-.

59 1496 198 1560 niendns
217 1520 249 1561 es
282 1518 339 1560 mo
366 1516 402 1559 us
418 1504 473 1559 aut
498 1494 624 1558 adieeto'
648 1493 784 1563 relativo
809 1504 864 1558 aut
887 1495 956 1558 aliis
984 1499 1105 1563 verbisz

59 1602 160 1666 quam
176 1583 321 1646 formum
336 1581 541 1669 grammatici
568 1580 794 1643 correlativam
820 1579 1000 1666 appellant.
1045 1585 1108 1648 La-

57 1668 121 1729 tini
144 1679 252 1732 autem
270 1668 354 1731 hanc
370 1669 543 1729 notionem
560 1666 655 1729 etium
675 1664 824 1728 similiter
840 1667 1108 1752 exprimnntro-

50 1753 176 1816 cabulo
192 1754 262 1834 sin,
285 1753 372 1839 qnod
396 1752 566 1837 quomodo
591 1750 630 1813 ab
655 1751 707 1813 itu
730 1750 856 1815 differat
868 1790 880 1832 ,v
901 1755 1108 1836 grammatici

60 1840 229 1902 contraria·
241 1839 398 1924 opinione
415 1822 626 1900 co'n'iisii'fiiir.
669 1821 753 1898 Nam
766 1818 948 1923 ller'zogius
965 1839 1004 1900 ad
1015 1840 1106 1904 Caes.

58 1921 98 1985 B.
116 1924 190 2010 gall.
208 1928 239 2004 l,
257 1929 308 1988 29.
326 1922 520 2007 particulam
539 1923 588 1985 sic
611 1922 751 2008 logicam
773 1916 998 2009 Vddt't'fqllm
1018 1925 1131 1988 india·-

59 2010 146 2072 cium
167 2011 357 2073 moderetur
379 2010 440 2087 ita,
465 2017 500 2070 ut
525 2007 663 2082 indicet,
693 2007 866 2092 quomodo
885 2030 957 2072 rem
977 2011 1106 2096 cogite-

57 2115 132 2157 mus
149 2081 396 2182 oompararl'do,
419 2093 507 2179 quod
525 2094 567 2157 sit
581 2094 616 2157 in
635 2092 716 2156 dem*
729 2091 869 2168 Grada,
894 2092 1106 2180 dergestolt:

57 2179 237 2244 ituantem
258 2181 455 2244 obieetivum
471 2181 647 2243 nominans
664 2177 774 2242 refert
788 2179 827 2242 ad
850 2199 903 2242 res
925 2178 1046 2259 factas,
1069 2191 1106 2244 nt

57 2265 99 2328 sit
115 2265 181 2328 tuli
192 2266 304 2344 morlo,
324 2266 390 2328 huo
406 2264 553 2328 ratione.
597 2264 682 2326 Haec
701 2284 760 2348 ego
774 2276 829 2343 aut
845 2286 914 2327 non
930 2267 1106 2353 perspicio,

58 2349 167 2413 autin
189 2349 428 2436 componendis
447 2350 553 2411 modis
572 2351 682 2411 omnia
707 2344 884 2433 aequaliter
907 2352 1044 2413 redeunt
1065 2351 1104 2415 ad

57 2435 227 2498 iudicium.
271 2433 335 2496 Sed
354 2432 592 2525 Qlfflilffllffl
614 2435 647 2497 in
666 2432 850 2496 Grammat.
874 2456 908 2518 p.
927 2438 999 2499 89232.
1023 2437 1107 2499 etin
1189 2457 1192 2461 ’

60 2520 261 2606 Synomym.
272 2519 314 2582 Τ.
325 2524 397 2606 ap.
410 2518 653 2583 114.contraria
670 2517 783 2580 docet:
805 2517 981 2582 itureferri
997 2520 1106 2583 adco—
1152 2561 1158 2571 ι

58 2607 271 2693 girationem,
291 2603 340 2668 sic
368 2604 407 2667 ad
435 2624 505 2668 rem
522 2615 606 2693 ,ante
628 2602 742 2678 oculos
766 2603 923 2688 positam·
961 2604 1107 2689 Vterque

58 2712 152 2754 suam
170 2691 365 2754 sententiam
383 2688 465 2753 adeo
488 2689 647 2775 exemplis
668 2689 890 2767 demonstrat,
914 2698 947 2751 et
969 2699 1005 2751 ut
1026 2689 1106 2775 ipsis

58 2777 164 2839 visum
183 2786 248 2853 est,
272 2777 353 2874 aptis
382 2786 479 2860 atqne
501 2775 640 2838 idoneis.
684 2773 847 2858 Equidem
872 2796 942 2836 non
969 2796 1107 2860 possum

55 2875 129 2925 'non
155 2860 193 2924 ad
221 2863 381 2946 originem
404 2861 567 2946 respicere
593 2859 840 2925 vocabulorum.
892 2859 978 2935 Nam
1002 2880 1105 2944 quum

58 2957 270 3033 compertum
290 2944 555 3019 habeamus,'sie'
570 2955 728 3008 mutatam
746 2967 814 3008 esse
838 2942 984 3007 formam
1008 2966 1105 3008 roca-

57 3031 128 3096 buli
149 3034 222 3108 lric,
254 3055 321 3096 non
349 3031 693 3109 dubium'videbitl-rr,
725 3031 775 3093 sie
799 3039 831 3093 et
854 3029 907 3091 ito
933 3051 972 3092 eo
999 3030 1113 3092 modo.

54 3116 209 3193 differre,
234 3117 370 3202 qnolrio
392 3118 483 3203 cing.
517 3116 610 3180 lllud
633 3114 1107 3203 iginii-'‘mmmmm'-

59 3203 244 3281 strativum,
267 3192 453 3287 srgiriliians
469 3203 531 3264 hoo
553 3202 673 3275 modo,
697 3202 747 3264 ita
772 3211 882 3263 antem
906 3222 950 3265 ex
973 3201 1107 3278 relativa

59 3306 117 3351 sua
146 3298 264 3351 natura
292 3287 591 3373 proprierrequirit
617 3287 868 3371 componendae
885 3286 1029 3355 ,alterius
1059 3287 1108 3349 rei

58 3373 335 3459 expositionem,
355 3394 453 3456 qnam
480 3382 647 3457 praestant
669 3373 737 3450 uti,
760 3370 943 3458 primodo,
961 3429 964 3432 .
981 3371 1040 3435 alia
1067 3393 1108 3436 ue

56 3457 228 3524 voeabula.
278 3454 402 3529 Definit
428 3455 744 3542 ergorreiimodnm
772 3457 900 3519 ratione
923 3456 972 3519 vel
1003 3479 1058 3520 ver
1082 3455 1108 3519 is

58 3549 212 3630 expressa
234 3543 341 3609 velex
357 3541 684 3617 nniversasenlentia
704 3540 857 3623 collecta,
877 3541 1019 3625 ideoque
1040 3542 1109 3605 vim

56 3631 156 3702 etiam
174 3630 302 3693 obtinet
319 3629 369 3693 vel
386 3627 526 3713 augendi
542 3627 595 3699 ,rel
609 3626 841 3713 restringendi.
870 3625 934 3691 ,Ex
960 3626 1010 3691 his
1028 3648 1107 3710 nero

57 3712 155 3778 facile
171 3715 374 3801 intelligitur,
400 3735 467 3800 quo
483 3724 582 3801 pacto
598 3711 674 3787 fieri,
692 3713 849 3799 potuerit,
870 3721 908 3773 nt
930 3712 1110 3797 particulae

58 3798 121 3862 hae
136 3801 327 3884 promiscuo
346 3820 408 3864 usu
433 3798 737 3875 commutarentur,
763 3809 806 3862 et·
818 3797 871 3873 ira
889 3818 954 3884 pro
971 3797 1021 3861 sie
1044 3817 1110 3883 po·

58 3896 204 3950 neretur.
557 3916 562 3927 .
620 3906 623 3911 ·

170 4003 273 4055 Poetae
282 3970 334 4056 non
343 4010 440 4057 entant
453 4003 583 4057 subtilius
598 4003 667 4055 illud
680 4002 837 4056 discrimen.
861 4001 997 4055 Hor.Art.
1016 3997 1111 4066 p.151.

127 4095 205 4157 uteru
222 4088 261 4143 itu
280 4088 419 4155 mentitur,
435 4091 472 4143 ric
491 4091 565 4159 creir
576 4091 661 4163 ,inigre
671 4090 807 4161 ruminet,
831 4091 917 4163 primo
938 4103 972 4139 nr
988 4085 1112 4148 mediam,

521 4170 525 4178 ’
734 4176 813 4235 80*
881 4223 885 4230 .
