2632 4770
137 192 180 305 sl
247 271 253 279 ·
592 231 718 300 ntus·

203 387 377 445 streonae
409 381 650 450 emanare
676 388 739 440 um
758 392 788 442 a·
808 385 863 440 aa
879 391 1018 456 „epae
1037 383 1070 439 t·
1085 364 1206 471 taio¹

201 478 293 529 eratro
313 487 440 534 commeo,
464 470 540 523 dicas
558 486 616 522 aum
630 476 730 539 factae
777 470 910 526 Stmtilex
936 470 982 525 hie
1010 469 1183 550 temnunt

203 575 344 614 cumcuma
360 554 441 620 vitto,
460 558 603 624 postquem
619 561 671 610 eto.
1181 566 1185 575 ·

220 715 270 775 10.
297 706 364 774 Sed
385 706 537 795 Sergius,
572 705 663 772 cuius
688 703 788 772 verba
820 726 920 796 snpra
949 708 1180 857 apposuimus,

133 795 397 862 interiectionem
418 791 568 857 nominat
592 791 740 873 doloris,
759 791 849 856 cuiue
873 814 992 880 exemp
1008 814 1065 858 um
1082 792 1180 861 affert

132 879 247 966 virgil.
263 882 342 945 Aen.
366 883 403 957 7,
429 883 502 944 116.
529 877 610 944 heus
632 877 738 942 etiem
762 900 897 944 mensas
928 874 1181 944 consumimus?

133 964 259 1032 Iisdem
282 964 380 1030 verba
402 961 481 1028 facit
504 962 654 1039 Servius,
677 984 777 1049 quem
799 985 870 1028 non
897 963 998 1029 alium
1020 975 1177 1054 putamus

134 1071 234 1139 quam
249 1049 343 1115 illurn
364 1048 534 1134 Sergium,
555 1048 594 1112 ad
616 1048 733 1135 Virgil.
759 1050 838 1114 Aen.
862 1055 899 1130 1,
923 1055 996 1118 sut.
1037 1052 1082 1119 At
1104 1051 1178 1139 pri-

132 1157 228 1200 mum
251 1135 357 1199 codex
379 1133 610 1233 parrhesianus
628 1134 763 1218 praebet
786 1133 868 1212 teu,
889 1134 990 1199 itaut
1011 1135 1120 1222 possit
1137 1135 1177 1201 de

132 1221 293 1308 scriptura
314 1219 471 1303 dubitari,
494 1240 555 1282 nec
573 1228 684 1285 tamen
708 1217 807 1282 dolor
821 1220 1036 1306 exprimitur,
1062 1221 1122 1286 sed
1142 1231 1178 1286 ut

133 1304 240 1371 Cerda
267 1308 349 1372 bene
369 1304 518 1381 monuit,
545 1303 798 1370 clamat'subito
825 1305 999 1374 Ascanius:
1030 1306 1176 1396 enquid

132 1388 315 1458 faciamus?
338 1412 464 1455 mensas
480 1390 579 1454 etiarn
596 1385 814 1454 devoramus?
860 1390 960 1475 Quod
984 1394 1094 1458 nescio
1119 1414 1175 1459 cur

132 1475 255 1567 fugerit
270 1475 524 1552 Marklandum‚
546 1476 602 1561 qui
618 1475 658 1538 ad
675 1475 753 1538 Stat.
780 1474 859 1539 silv.
875 1476 906 1557 5,
922 1471 954 1557 cl,
974 1478 1022 1544 14.
1043 1479 1187 1554 monuit.

132 1562 212 1626 lectas
235 1585 304 1626 non
329 1584 397 1628 esse
423 1559 563 1626 dolentis
585 1559 666 1635 Iuli,
689 1558 746 1623 aed
769 1558 911 1625 latentis
940 1572 972 1627 et
1000 1562 1118 1643 faceti,
1143 1576 1175 1632 et

131 1669 203 1711 rem
218 1648 383 1716 insolitam
401 1668 476 1715 cum
491 1647 565 1710 ioco
581 1646 741 1710 notantis:
765 1667 843 1714 nam
860 1648 969 1732 sequi:
991 1672 1052 1714 uec
1096 1653 1174 1718 lura

131 1732 299 1803 alludens.
340 1734 426 1798 Dicit
445 1752 524 1796 vero
544 1752 668 1797 novum
683 1752 872 1800 sermonem
889 1732 1050 1820 incipiens
1065 1672 1171 1805 fuluas

36 1885 44 1898 ,
130 1819 230 1902 terra,
251 1818 354 1884 socii.-
373 1828 406 1882 et
422 1816 721 1905 interpunctionem
737 1837 900 1904 ponamus
920 1831 998 1906 poet
1014 1821 1109 1892 heus.
1187 1884 1191 1895 .

231 1954 265 2012 ln
280 1953 363 2010 suut
374 1952 442 2006 sua.
455 1949 482 2015 5,
495 1948 523 2014 4,
540 1949 584 2004 14.
602 1968 695 2004 mooe
712 1953 788 2007 nott.
808 1955 956 2020 praebente
976 1966 1006 2013 ct
1028 1978 1099 2015 nune
1110 1964 1191 2017 leue-

197 2039 292 2106 alipuis
319 2040 402 2106 longo
427 2037 474 2089 sab
494 2043 565 2088 nocte
590 2038 692 2106 puellus
722 2039 830 2091 brachia
851 2058 917 2093 neco
938 2048 1027 2095 teneus
1048 2049 1117 2101 ultro
1138 2036 1189 2113 1ο,1

195 2139 299 2183 somne,
322 2122 431 2190 repellit.
455 2112 566 2188 praeter
592 2137 675 2172 unum
696 2121 801 2186 vossii,
833 2124 880 2192 qni
901 2127 951 2177 hen
974 2127 1075 2195 habet,
1103 2132 1169 2198 quoti

197 2204 350 2269 meursius,
367 2202 546 2268 Bernartius,
573 2203 621 2256 ulii
644 2204 826 2263 coniecerunt.
858 2207 1037 2268 Murltlnndus
1059 2216 1193 2287 elegen-¹

198 2294 257 2355 tor,
285 2306 337 2342 non
360 2306 443 2347 voror
471 2298 496 2344 et
517 2307 585 2342 nuuc
601 2296 662 2359 fors
691 2292 787 2365 aliquis
810 2298 861 2354 eto.
905 2296 1041 2367 Equidem
1063 2308 1168 2368 poetam

197 2376 263 2442 pato
284 2372 324 2426 ita
344 2372 484 2442 scripsisse
504 2381 535 2428 ot
554 2392 619 2432 naus
637 2375 717 2428 teat
750 2377 851 2451 Aliquis
870 2407 906 2426 -·
928 2382 999 2439 ultro
1018 2391 1061 2449 te,
1079 2402 1166 2456 mutae,

196 2459 305 2529 repellit.
340 2459 405 2517 tato
417 2459 490 2516 mu
505 2457 526 2517 1.
537 2475 561 2515 e.
578 2467 606 2513 et
623 2477 693 2519 nane
709 2476 772 2532 age.

140 2634 144 2645 ·
214 2616 266 2675 11.
287 2610 419 2676 Nomen
436 2612 513 2690 eius,
532 2634 632 2698 quern
648 2615 720 2700 quis
736 2615 929 2703 alloquitur,
949 2641 1082 2708 semper
1095 2628 1165 2715 poet

128 2696 344 2763 honerosum
373 2695 470 2760 suum
497 2697 635 2762 obtinet.
683 2701 775 2764 Vnus
803 2703 896 2766 locus
918 2704 1022 2769 Plauti
1044 2708 1085 2771 ab
1110 2706 1161 2775 hs

129 2781 367 2847 consuetudine
390 2781 567 2846 abhorrere
589 2783 726 2848 videtur.
767 2785 854 2853 Nam
877 2788 968 2853 Men.
991 2792 1031 2873 5,
1054 2799 1164 2872 1,·91.

128 2884 230 2931 senex
244 2866 346 2932 liliam
361 2878 476 2950 vocat:¹
488 2864 592 2954 filia,
616 2869 706 2933 herto.
748 2869 878 2938 Tamen
892 2878 1076 2944 revocanda
1099 2883 1165 2963 erit,

154 2973 213 3016 uae
236 2953 301 3017 iam
326 2953 362 3018 in
383 2953 490 3040 prima
513 2952 655 3019 editione
686 2965 809 3036 exstat,
842 2980 1060 3043 personarum·
1091 2965 1165 3033 haec

128 2974 326 3104 listrtbutio.
364 3055 413 3103 att.
444 3036 552 3107 Filia.
595 3056 658 3127 ttv.
686 3040 767 3105 heus
789 3043 871 3132 quid
892 3043 966 3111 cst?
985 3049 1069 3138 quid
1091 3053 1167 3147 cgi-

127 3121 226 3188 mus?
264 3121 336 3187 Nisi
352 3121 413 3190 alia
429 3122 531 3208 magis
547 3123 654 3213 placet
667 3123 778 3193 forma
793 3151 919 3194 ecenae.
962 3134 1072 3203 Senex
1087 3138 1168 3203 in'ci·

126 3209 179 3295 pit
193 3206 392 3295 respondere
409 3207 556 3290 mulieri,
581 3231 664 3297 quse
679 3210 823 3277 dixerat:
848 3215 957 3301 perii,
979 3219 1030 3282 mi
1075 3223 1195 3292 aterl'

126 3293 281 3361 minatur
299 3292 385 3357 mitt
398 3293 511 3358 octaloa
530 3317 688 3362 exurere.-
707 3299 765 3363 eed
778 3301 912 3364 recessit
927 3326 963 3367 ea
980 3303 1013 3368 in
1031 3243 1172 3374 allecum

126 3366 240 3442 ticenae
255 3386 393 3464 partem.
433 3379 533 3460 Quod
578 3403 658 3447 uum
680 3381 736 3448 ille
760 3384 1012 3468 animadvertat,
1035 3405 1173 3462 revocat

128 3485 199 3532 eam
216 3463 317 3527 verbo
339 3464 432 3530 treus.
472 3462 517 3528 Et
539 3405 594 3531 illa
616 3488 763 3553 regressa
786 3469 846 3536 ait:
869 3474 952 3558 quid
975 3476 1052 3548 est?
1090 3481 1174 3547 Non

128 3547 307 3617 cohaerent
320 3549 418 3637 igitur
433 3549 530 3619 verba
538 3549 625 3646 filia
638 3555 729 3626 luas.

213 3708 262 3767 12.
284 3702 414 3804 Plautus
432 3705 463 3770 et
477 3706 596 3794 reliqui
612 3709 787 3809 scriptores
801 3714 882 3783 lucus
896 3718 1062 3784 collocare
1084 3743 1171 3787 oon-

127 3798 304 3852 sueverunt
332 3811 367 3854 tn
399 3791 493 3856 tuitio
526 3795 768 3861 enuntiationis.
811 3802 904 3867 Vnus
936 3803 1112 3875 Terentius
1134 3809 1170 3873 in

126 3872 243 3938 mediis
263 3875 447 3957 sententiis,
468 3885 505 3940 ut
520 3876 561 3942 ad
579 3880 680 3944 animi
703 3884 917 3955 attentionem
939 3900 974 3957 et
992 3888 1168 3981 cogitatio·

125 3978 205 4027 uem
224 3963 394 4039 excitaret,
418 3961 507 4030 hand
520 3965 621 4035 semel
640 3967 849 4056 interposuit.
