2632 4770
389 253 409 289 ⁴
491 253 684 349 ncunao.
772 338 780 345 ,
907 242 909 246 ’
973 244 1104 338 'aaa

141 418 174 480 2.
195 411 268 479 Vna
287 411 337 477 est
350 412 434 478 ratio
451 415 614 503 temporis
633 421 666 478 et
688 413 738 479 rei
763 415 904 501 agendae
926 421 961 482 in
985 421 1104 499 verbis,

56 495 168 589 qualia
185 510 264 562 sunt
280 499 384 563 Plauti
400 499 487 567 Pers.
507 504 547 582 1,
570 503 609 581 4,
635 503 688 564 62.
712 496 775 563 tibi
790 500 917 564 ibidem
940 503 1023 584 alae,
1048 506 1106 572 aubi
1135 507 1141 563 ζ

66 593 205 652 turinum
222 585 372 648 amicum
388 584 544 651 adiuvas.
566 587 589 651 i.
606 607 633 650 e.
656 605 720 670 qua
742 606 779 650 ne
803 589 943 651 ami-cum
964 589 1105 672 adiuvas,

71 672 98 735 in
126 669 239 732 eadem
273 667 332 733 tibi
370 668 449 753 das,
493 671 578 754 siue,
621 668 755 757 quando
784 672 927 736 amicum
963 674 1104 761 adiuvas,
1148 750 1156 757 p

42 804 45 807 .
76 763 143 816 tum'
156 765 214 819 etc.

562 808 569 829 1

145 879 197 946 Ill.
228 881 317 947 Haec
338 882 403 948 loci
428 882 523 947 notio
546 881 633 955 ipsas
661 903 714 946 res
738 868 813 946 com
839 881 1010 951 rehendit:
1039 909 1106 954 nn·

85 961 115 1028 de
126 963 244 1031 ibidem
267 966 427 1056 significat
450 969 485 1031 in
504 989 540 1030 ea
566 989 618 1029 em
633 989 686 1043 re,
708 968 743 1031 in
766 989 802 1031 ca
827 990 880 1033 em
904 972 1106 1041 conditione.

24 1076 28 1087 ·
85 1049 279 1141 Quapropter
297 1053 451 1142 explicari
466 1054 590 1140 poterit
607 1051 713 1116 verbis
729 1052 847 1130 simul,
867 1054 958 1122 item.
1009 1062 1010 1067 ’

161 1172 252 1226 uuest.
270 1172 335 1228 cist.
353 1172 422 1237 2,1,
437 1169 479 1225 52.
498 1172 521 1224 ei
533 1173 637 1225 redierit
652 1173 701 1224 illa
715 1171 762 1225 ad'
776 1173 865 1237 hunc,
887 1173 980 1226 ibidem
997 1176 1046 1231 loci
1066 1195 1107 1234 ree

131 1257 187 1310 crit.
223 1256 280 1311 cia.
298 1277 325 1326 p.
341 1260 423 1311 (laec.
438 1255 464 1320 9,
480 1254 523 1308 23.
550 1257 623 1310 laesit
637 1257 666 1308 in
680 1275 711 1309 eo
725 1257 880 1308 Caecinam:
896 1259 1041 1314 subleuauit
1058 1263 1108 1315 ibi-

132 1341 195 1395 dcrn.
230 1341 321 1395 Gratti
336 1344 404 1410 Cyn.
417 1339 477 1394 114.
496 1342 673 1394 blandimento
686 1357 773 1409 uagae
788 1343 881 1408 fugies
900 1342 1038 1398 nouitatis:
1056 1346 1108 1401 tua·-

128 1426 185 1478 dens
199 1427 293 1495 exigno
308 1427 417 1479 nimiove
432 1432 526 1478 noemi.
546 1424 565 1478 i.
578 1441 602 1477 a.
619 1425 695 1477 item.
723 1424 794 1476 conf.
808 1426 956 1479 Burmann.
973 1427 1008 1480 ed
1023 1430 1052 1483 h.
1067 1431 1089 1484 1.

163 1526 221 1580 cie.
237 1527 271 1580 de
285 1527 387 1592 Fiml,
407 1525 434 1592 6,
451 1527 495 1580 19.
512 1527 604 1580 deinde
618 1527 711 1588 ibidem
735 1526 810 1578 luente
826 1533 933 1592 acutas,
949 1546 1027 1597 quom
1040 1531 1108 1587 illud

127 1619 274 1665 nemereret.
300 1610 320 1665 i.
335 1628 365 1663 e.
376 1610 406 1664 in
428 1612 525 1666 eedem
548 1609 805 1681 argumentatione·
834 1608 970 1680 AacM,
990 1611 1041 1682 14,
1062 1613 1108 1670 44.

127 1695 217 1750 deiude
230 1697 342 1761 ibidem,
358 1697 424 1751 inter
437 1699 514 1765 falsa
526 1697 582 1750 ciac
596 1703 622 1750 ct
637 1712 701 1750 uero
716 1695 783 1748 niluii
801 1694 928 1750 interesse.

307 1954 309 1965 .
407 1862 748 1953 IDGIRCO.

142 2019 276 2101 Partes,
298 2021 415 2108 quibus
430 2021 628 2086 vocabulum
649 2037 799 2086 Incunco
822 2022 969 2103 constat,
989 2043 1052 2111 per
1073 2046 1109 2090 se
1203 2078 1206 2103 ,

59 2099 278 2169 declarantur.
320 2107 406 2170 Nam
425 2128 488 2192 qua
507 2108 633 2171 ratione
648 2105 779 2171 formae
794 2127 877 2192 quo,
902 2128 985 2192 qua,
1008 2130 1110 2194 quanm
1165 2131 1166 2134 ¹

62 2190 340 2256 coniunctionum
365 2191 450 2256 uices
478 2201 661 2279 praestant,
688 2191 802 2255 eadem
836 2199 872 2252 eu
904 2191 1048 2258 adverbii
1078 2195 1119 2260 et*

57 2278 315 2424 Braepositionis
337 2287 487 2345 naturam
516 2277 657 2341 induunt
680 2277 824 2355 circum,
862 2275 976 2356 circa,
1008 2278 1109 2344 circo.

93 2381 134 2424 oc
153 2366 239 2424 vero'
256 2383 331 2425 cum
358 2361 398 2425 id
422 2364 647 2460 compositum
673 2360 711 2423 fit
735 2359 882 2438 idcirco,
904 2360 994 2447 quod
1020 2363 1111 2430 idem

61 2453 111 2509 est
130 2468 168 2510 ac
185 2447 312 2509 circum
330 2445 386 2526 id,
412 2447 461 2511 vel
477 2450 569 2511 carce
584 2446 633 2510 id.
676 2446 797 2510 Vtrum
819 2445 979 2509 scribatur
1001 2448 1111 2515 idcir-

61 2552 119 2608 co,
139 2542 184 2594 'an
202 2531 432 2595 assimilatione
459 2532 543 2595 sacta
568 2531 713 2605 iccirco,
729 2549 806 2592 ‘non
828 2540 937 2615 potest
962 2533 1112 2601 codicum

62 2617 260 2681 auctoritate
274 2617 503 2680 demonstrari.
539 2616 578 2680 In
592 2612 861 2762 inscriptionibus
877 2617 1016 2700 antiquis
1030 2631 1113 2684 nu's-

63 2723 168 2789 quam
181 2702 292 2766 inveni
308 2702 449 2783 iccirco,
473 2701 529 2766 sed
548 2701 676 2765 idcirco
705 2698 810 2780 egitur
828 2701 916 2785 apud
933 2702 1113 2772 Gruterum

62 2793 171 2940 151294,
187 2792 242 2936 32,
260 2810 295 2874 p.
312 2791 387 2868 229,
403 2791 435 2851 2.
457 2809 491 2874 p.
507 2787 586 2855 408.
610 2783 698 2851 conf.
722 2782 891 2874 Spalding.
916 2784 957 2850 ad
974 2787 1114 2869 Quintil.

92 2921 123 2957 ‚‚
158 2920 168 2952 ,
209 2915 218 2935 .

152 2996 355 3084 significatio
378 3018 442 3062 una
468 3005 540 3073 est,
574 3004 607 3060 et
630 3015 734 3082 quum
760 2995 855 3059 circa
882 2993 921 3059 ici
952 2998 1115 3086 exprimat

66 3107 139 3151 esse
164 3085 220 3165 id,
246 3083 336 3168 quod
362 3084 402 3146 ad
426 3104 500 3147 eam
527 3102 617 3158 rem,
643 3081 682 3144 de
705 3102 769 3166 qua
790 3079 978 3164 loquimur,
1008 3087 1115 3170 perti..

65 3181 163 3245 neat,
207 3191 311 3233 nexus
342 3190 457 3232 rerum
491 3165 642 3231 caussalis
670 3165 736 3228 hoc
769 3165 872 3229 modo
917 3167 1116 3253 designatur,

65 3259 135 3322 aive
151 3256 187 3319 in
204 3254 330 3337 origine
344 3254 412 3317 sive
433 3254 470 3318 in
490 3251 557 3315 fine
573 3251 621 3315 rei
645 3250 801 3314 cernitur.
845 3253 1001 3317 Germani
1017 3256 1116 3323 simili

55 3341 174 3406 modo
188 3339 371 3424 loquuntur
394 3337 530 3403 dariam.
582 3335 646 3398 Sed
670 3333 800 3401 idcirco
828 3336 994 3402 interdum
1018 3344 1118 3406 etiam

65 3428 232 3494 internam
255 3445 398 3488 caussam
421 3422 560 3498 indicat,
584 3420 623 3484 de
644 3439 708 3505 qua
724 3441 762 3484 re
778 3420 869 3487 conf.
886 3441 984 3488 mutu.
1019 3426 1117 3495 Nunc
1161 3436 1162 3441 ’

26 3569 30 3576 .
66 3533 169 3577 usum
185 3508 419 3573 describamus.
1073 3508 1082 3515 ”

154 3636 181 3701 Ι.
202 3635 348 3701 Primum
364 3634 464 3721 igitur
472 3633 646 3720 perspicua
661 3639 709 3694 eat
723 3629 857 3695 relatiua
871 3598 1048 3721 particulae
1056 3658 1118 3702 na-

68 3734 156 3788 tura.
199 3721 285 3785 Nam
305 3730 499 3805 sequuntur,
520 3717 568 3783 uel
589 3718 717 3781 inversa
733 3718 882 3781 oratione
899 3722 1120 3805 praemittun-

66 3819 126 3958 ἱιὲῖ
141 3805 372 3978 Zssgffa’
393 3805 563 3893 quoniam.
623 3802 717 3886 Quin
738 3823 808 3868 non
828 3798 909 3869 adeo
929 3805 1033 3872 multi
1054 3805 1120 3872 lra-

189 4010 301 4073 Terent.
315 4007 397 4062 Andr.
411 3980 438 4071 4,
457 4007 484 4073 2,
497 4005 521 4059 i.
539 4025 602 4060 nam
618 4008 712 4062 idcirco
726 4023 859 4072 accersor„
875 4008 981 4077 nuptias
1003 4009 1070 4076 quod
1084 4010 1132 4063 rni'

142 4095 271 4166 onerari
285 4095 371 4150 maii.
404 4090 463 4146 cic.
478 4093 513 4148 ad
526 4092 605 4147 Fam.
620 4091 688 4175 9,2,
702 4090 729 4147 l.
751 4093 857 4162 putaret
870 4092 1021 4147 rueidcicco
1039 4092 1121 4148 diaec-
1208 4124 1212 4130 -
