2632 4770
508 255 698 327 Mtxutu.
1066 264 1127 332 ost

147 412 243 470 babili.
276 407 413 481 aquaem
432 424 494 465 roe.
516 412 627 466 mamae
644 427 663 469 e
682 424 766 467 verm
784 415 914 482 mqaeme
934 413 1133 487 transpositum

146 515 207 553 esse
223 496 363 550 existimor
379 512 445 550 rrum
461 492 559 548 cicero
579 494 723 565 adripuisse
740 495 851 550 videtur
865 499 974 554 laudari
988 520 1029 556 me
1049 489 1130 558 etiam

146 590 261 653 oportere
275 581 395 634 mariae.
431 576 539 632 (telum
553 576 598 643 lo,
612 577 657 633 to.
673 597 737 649 qaae
760 583 959 653 (ornamus)
982 589 1028 655 pai
1047 589 1130 642 aiaee-

144 669 209 722 riter
234 667 343 734 eupiuat
373 669 565 735 appetantque,
593 662 623 715 tu·
643 673 703 721 eant
731 667 773 718 ael
804 667 916 720 maxime
942 670 1129 724 humanissimi.

146 747 366 813 Mouelreniueiu
384 746 528 800 autemst.
549 763 574 814 p.
590 743 651 800 609.
677 748 748 814 „hie
770 749 838 803 illud
858 751 899 803 ael
922 756 1034 808 maxime
1056 755 1129 808 idem

145 834 278 905 estquod
301 832 444 902 imprimis,
468 846 519 885 net
545 837 602 884 tam
624 833 798 887 coniunctum
829 835 912 888 altori
942 839 1128 905 humanissimi,

146 937 230 991 quam
243 918 279 972 ad
293 916 326 969 id'
337 913 460 967 additum
474 914 598 980 videtur,
613 920 645 969 ut
659 916 790 971 maiorem
808 918 901 972 verbis
917 920 973 973 uim
995 922 1129 976 eoncilia-

146 1007 227 1058 rot.“
262 999 328 1053 (lod.
351 997 474 1053 liiueoln.
499 1001 529 1055 iti
548 1006 624 1065 aa,
641 1007 668 1057 et
685 1003 810 1068 aaziae,
826 1004 1015 1061 humanissimi.
1050 1009 1130 1077 Quod

146 1086 201 1141 erit
213 1076 447 1138 cousideiaudum.

163 1236 196 1302 4.
223 1237 357 1304 Novum
381 1246 594 1325 praeseptum
615 1235 744 1303 videtur
768 1236 936 1305 tradidisse
960 1243 1045 1311 Reisi
1068 1248 1129 1327 ius,

81 1319 139 1409 qui
155 1322 190 1387 in
207 1324 331 1395 scholis
347 1325 432 1402 suis,
455 1333 493 1388 ut
509 1322 675 1389 Kahntius
688 1323 723 1386 in
741 1312 1053 1408 Ephemeridiiffib
1068 1344 1128 1399 aet.

82 1432 111 1472 a.
132 1412 224 1474 1831.
240 1432 275 1473 n..
293 1414 346 1473 61.
369 1407 489 1485 refert,
510 1408 640 1484 doeuit,
666 1419 797 1496 praeter
818 1430 890 1473 eam
913 1413 1130 1498 significatio-

81 1517 179 1572 nem,
201 1517 265 1580 qua
280 1495 375 1563 alicui
392 1495 443 1559 rei
466 1494 508 1558 ali
535 1494 589 1558 uid
616 1493 755 1559 maximi
776 1496 908 1561 numeri
930 1501 1129 1582 attribuitur,

80 1580 224 1645 adverbii
240 1580 389 1645 maxime
407 1580 502 1645 aliam
511 1516 614 1645 luisse
631 1601 720 1653 eam,
741 1580 864 1665 quaed
885 1592 992 1668 partes
1008 1586 1056 1650 rei
1074 1609 1129 1651 re·

81 1665 228 1731 ferretur
244 1676 342 1753 atque
357 1665 391 1731 id
406 1665 583 1743 indicaret,
606 1665 695 1751 quod
714 1662 866 1751 plurimis
883 1669 1029 1754 partibus
1045 1693 1130 1761 pro·

80 1752 193 1838 prium
228 1758 328 1816 esset:
369 1751 469 1816 veluti
493 1748 578 1815 liber
608 1749 1130 1838 mdaimpdihsopiieus“”dou

81 1820 370 1902 deBTilri‘risset
385 1835 628 1923 philosophicis
645 1834 738 1901 dietis
749 1839 1055 1935 praestantissimus,
1071 1845 1128 1907 sed

82 1923 181 1986 etiarn
205 1923 259 2008 qui
287 1921 442 2009 piurimis
468 1923 503 1986 in
528 1920 674 2008 partibus
699 1921 968 2023 philosophicum
996 1926 1132 1992 haberet'
1194 1950 1196 1954 ·

82 2018 331 2094 argumentum:
362 2002 618 2094 grafflffltlseila
645 2007 908 2095 philosopham.
965 2010 1129 2098 Equidem

83 2114 161 2157 vero
178 2091 256 2158 haee
275 2094 314 2158 ab
333 2084 409 2157 uiis
418 2084 613 2158 Latinoifiiir'
633 2114 770 2181 prorsus
792 2094 895 2160 aliena
917 2109 1017 2182 puto:
1041 2111 1129 2163 oerte

82 2179 118 2241 in
148 2179 359 2264 adiungendis
384 2176 559 2243 adieetiris.
605 2179 713 2243 Vnum
737 2190 846 2244 tamen
871 2181 1056 2249 invenimus
1078 2184 1131 2248 lo·

84 2283 179 2342 eum,
201 2267 235 2325 in
253 2284 351 2348 quem
367 2262 448 2324 illud
465 2284 582 2348 praece
604 2264 676 2326 tuin
697 2265 857 2349 quadrare
878 2267 1017 2333 videtur.
1059 2270 1129 2335 Lit.

84 2350 116 2425 5,
133 2351 188 2421 to,
206 2351 237 2410 5.
260 2346 335 2409 alia
355 2346 504 2410 maxime
525 2285 633 2431 pteiis
656 2346 777 2428 turba,
800 2372 902 2436 qaam
927 2376 987 2417 neo
1006 2378 1131 2442 capere

85 2444 160 2498 tam
177 2432 318 2517 exiguus
336 2428 449 2512 cottis,
472 2454 533 2494 aec
550 2430 643 2495 aiere
657 2432 695 2496 ia
709 2443 809 2495 tauta
827 2435 949 2521 inopia
956 2434 1131 2524 frumeuti

80 2527 240 2606 poterat,
263 2539 304 2581 ex
325 2513 406 2581 urbe
430 2513 542 2605 effusa
565 2516 651 2580 velut
678 2517 819 2603 agmine
840 2519 912 2582 iam
938 2543 1004 2586 aaa
1022 2526 1130 2610 petiit

86 2602 295 2670 tunicatam:
342 2600 406 2667 Sed
433 2602 544 2688 paullo
570 2611 647 2687 post
670 2622 895 2688 exponemus,
929 2627 995 2692 quo
1027 2610 1129 2673 modo

86 2689 236 2753 maxime
259 2688 384 2751 iudicet
405 2687 606 2772 singularem
639 2690 784 2773 speciem
810 2710 922 2754 rerum
954 2702 1028 2756 ante
1053 2695 1130 2759 alias

88 2774 376 2858 considerandam,
402 2782 498 2859 atque
517 2774 604 2838 idem
623 2771 784 2860 significet
805 2775 895 2858 quod
912 2781 1130 2861 praesertim,

87 2860 268 2946 imprimis.
312 2858 360 2923 lta
381 2848 450 2923 Liv'.
468 2863 521 2941 tt,
537 2859 590 2937 46,
606 2861 637 2923 9.
650 2858 747 2949 suga
762 2870 878 2924 tamea
893 2859 1008 2959 effusa
1032 2865 1131 2928 iucu-

87 2946 239 3010 latorum
260 2943 409 3009 maxime
421 2943 506 3034 suit.
527 2944 548 3009 i.
567 2966 594 3009 e.
618 2946 793 3032 praecipue
816 2943 878 3012 fuit
904 2947 1131 3015 raculatorum.

89 3031 184 3094 Gur-t.
208 3034 240 3111 8,
255 3033 287 3111 i,
302 3032 355 3094 24.
383 3029 536 3095 omnium
557 3041 676 3097 tamea
696 3030 809 3096 oculas
839 3033 1000 3099 eortaertit
1023 3035 1063 3100 ia
1084 3059 1132 3118 se,

87 3116 237 3180 maxime
251 3115 356 3201 regit.

174 3267 206 3333 5.
236 3267 372 3355 Saepius
386 3266 451 3333 hoo
472 3268 625 3334 adverbio
648 3266 864 3357 significatur,
887 3295 956 3338 rem
985 3273 1058 3339 fieri
1077 3282 1134 3340 aut

91 3375 160 3419 esse
177 3364 309 3440 praeter
324 3354 383 3447 ⁰¹39
400 3356 742 3445 sjpppraetep‘omnia
767 3357 845 3447 alia,
871 3360 1044 3457 aorpllea
1066 3386 1133 3427 aa·

89 3429 459 3525 derass'i‘diffitiim,
490 3436 810 3525 quamadmodum
835 3444 882 3508 rei
912 3445 1053 3530 agendae
1077 3471 1132 3512 re-

89 3527 265 3611 spicimus,
294 3524 345 3610 agi
369 3525 508 3588 summis
540 3525 591 3588 vel
614 3526 767 3591 maximis
798 3529 833 3591 in
856 3528 962 3593 rebus.
1011 3530 1048 3596 In
1074 3533 1131 3596 illo

90 3631 168 3757 pepp
193 3630 254 3673 usu
279 3609 465 3691 observavi,
487 3609 677 3682 adverbium
698 3606 737 3674 ln
760 3609 826 3678 fine
849 3616 1027 3681 sententiae
1050 3622 1132 3707 poni
1231 3630 1235 3641 ’

115 3716 131 3759 e
156 3716 220 3760 ere.

192 3808 552 3882 Ptauutmpu.z,2,14o
569 3815 696 3867 enimuero
720 3815 787 3868 utut
800 3818 907 3886 praeter
924 3819 979 3873 alia
997 3824 1064 3875 mira
1082 3826 1133 3877 mi-

157 3911 204 3947 tot·
222 3914 347 3951 maxume.
387 3897 500 3951 Terent·
519 3901 587 3952 Eun.
602 3901 628 3963 1,
640 3899 668 3964 2,
683 3885 726 3951 92.
752 3901 803 3953 leae
825 3920 854 3956 re
875 3906 986 3958 arbitror
1010 3908 1037 3958 id
1059 3925 1133 3975 posse

151 3981 216 4046 fieri
233 3995 359 4033 mamme-
378 3982 397 4034 ἱ.
413 4000 438 4038 e.
459 3985 518 4037 sola
531 3986 584 4039 hoe
598 4001 645 4048 re,
662 4000 716 4038 usu
737 3983 793 4039 alia
806 3987 903 4057 magis.
937 3989 994 4042 Cic.
1014 3988 1041 4041 iu
1057 3991 1134 4043 verr.

160 4061 227 4131 Mt,
245 4064 289 4116 11.
307 4067 431 4123 aoniam
449 4078 563 4145 mrum
581 4060 852 4143 prosteriteiaditet,
871 4089 971 4128 amnem
992 4075 1133 4128 utilitatem
