<?xml version="1.0" encoding="UTF-8"?>
<!DOCTYPE html PUBLIC "-//W3C//DTD XHTML 1.0 Transitional//EN"
    "http://www.w3.org/TR/xhtml1/DTD/xhtml1-transitional.dtd">
<html xmlns="http://www.w3.org/1999/xhtml" xml:lang="en" lang="en">
 <head>
  <title>
</title>
<meta http-equiv="Content-Type" content="text/html;charset=utf-8" />
  <meta name='ocr-system' content='tesseract 3.04.00' />
  <meta name='ocr-capabilities' content='ocr_page ocr_carea ocr_par ocr_line ocrx_word'/>
</head>
<body>
  <div class='ocr_page' id='page_1' title='image "./tursellinusseud01handgoog_0345.png"; bbox 0 0 2632 4770; ppageno 0'>
   <div class='ocr_carea' id='block_1_1' title="bbox 473 255 1122 381">
    <p class='ocr_par' dir='ltr' id='par_1_1' title="bbox 473 231 1122 381">
     <span class='ocr_line' id='line_1_1' title="bbox 473 255 1122 381; baseline 0.006 -59"><span class='ocrx_word' id='word_1_1' title='bbox 473 255 617 381; x_wconf 75' lang='grc' dir='ltr'><strong>Ιιιι.</strong></span> <span class='ocrx_word' id='word_1_2' title='bbox 990 260 1122 360; x_wconf 68' lang='lat' dir='ltr'><strong>scs</strong></span> 
     </span>
    </p>
   </div>
   <div class='ocr_carea' id='block_1_2' title="bbox 77 409 1163 1340">
    <p class='ocr_par' dir='ltr' id='par_1_2' title="bbox 77 409 1163 1340">
     <span class='ocr_line' id='line_1_2' title="bbox 133 409 1122 483; baseline -0.01 -9"><span class='ocrx_word' id='word_1_3' title='bbox 133 437 193 474; x_wconf 78' lang='lat' dir='ltr'><strong>senc</strong></span> <span class='ocrx_word' id='word_1_4' title='bbox 207 417 297 480; x_wconf 86' lang='lat' dir='ltr'><strong>illam,</strong></span> <span class='ocrx_word' id='word_1_5' title='bbox 314 430 380 483; x_wconf 76' lang='lat' dir='ltr'><strong>qaae</strong></span> <span class='ocrx_word' id='word_1_6' title='bbox 393 429 453 466; x_wconf 77' lang='lat' dir='ltr'><strong>naen</strong></span> <span class='ocrx_word' id='word_1_7' title='bbox 465 417 523 476; x_wconf 89' lang='lat' dir='ltr'><strong>est,</strong></span> <span class='ocrx_word' id='word_1_8' title='bbox 539 411 626 465; x_wconf 84' lang='lat' dir='ltr'><strong>nisam</strong></span> <span class='ocrx_word' id='word_1_9' title='bbox 639 409 689 464; x_wconf 79' lang='lat' dir='ltr'><strong>lenc</strong></span> <span class='ocrx_word' id='word_1_10' title='bbox 704 410 734 463; x_wconf 86' lang='lat' dir='ltr'><strong>in</strong></span> <span class='ocrx_word' id='word_1_11' title='bbox 753 409 866 465; x_wconf 78' lang='lat' dir='ltr'><strong>Veneris·</strong></span> <span class='ocrx_word' id='word_1_12' title='bbox 874 417 982 482; x_wconf 73' lang='lat' dir='ltr'><strong>fanoni.</strong></span> <span class='ocrx_word' id='word_1_13' title='bbox 1020 412 1081 466; x_wconf 79' lang='lat' dir='ltr'><strong>Ces.</strong></span> <span class='ocrx_word' id='word_1_14' title='bbox 1095 412 1122 478; x_wconf 86' lang='grc'><strong>2,</strong></span> 
     </span>
     <span class='ocr_line' id='line_1_3' title="bbox 134 496 1125 571; baseline -0.007 -15"><span class='ocrx_word' id='word_1_15' title='bbox 134 506 162 571; x_wconf 79' lang='grc'><strong>3,</strong></span> <span class='ocrx_word' id='word_1_16' title='bbox 181 501 224 556; x_wconf 87' lang='grc'><strong>26.</strong></span> <span class='ocrx_word' id='word_1_17' title='bbox 237 502 288 552; x_wconf 62' lang='lat' dir='ltr'><strong>‘obi</strong></span> <span class='ocrx_word' id='word_1_18' title='bbox 303 500 332 550; x_wconf 90' lang='lat' dir='ltr'><strong>in</strong></span> <span class='ocrx_word' id='word_1_19' title='bbox 345 500 431 552; x_wconf 79' lang='lat' dir='ltr'><strong>instra</strong></span> <span class='ocrx_word' id='word_1_20' title='bbox 446 496 572 550; x_wconf 77' lang='lat' dir='ltr'><strong>iacuisti?</strong></span> <span class='ocrx_word' id='word_1_21' title='bbox 598 496 669 550; x_wconf 84' lang='lat' dir='ltr'><strong>Nom</strong></span> <span class='ocrx_word' id='word_1_22' title='bbox 686 497 773 549; x_wconf 83' lang='lat' dir='ltr'><strong>lustro</strong></span> <span class='ocrx_word' id='word_1_23' title='bbox 787 503 852 550; x_wconf 90' lang='lat' dir='ltr'><strong>suut</strong></span> <span class='ocrx_word' id='word_1_24' title='bbox 863 497 1000 563; x_wconf 71' lang='lat' dir='ltr'><strong>libidines,</strong></span> <span class='ocrx_word' id='word_1_25' title='bbox 1019 504 1048 551; x_wconf 92' lang='lat' dir='ltr'><strong>et</strong></span> <span class='ocrx_word' id='word_1_26' title='bbox 1062 516 1125 550; x_wconf 85' lang='lat' dir='ltr'><strong>sen·</strong></span> 
     </span>
     <span class='ocr_line' id='line_1_4' title="bbox 133 580 1125 652; baseline -0.009 -8"><span class='ocrx_word' id='word_1_27' title='bbox 133 589 223 645; x_wconf 84' lang='lat' dir='ltr'><strong>tentio</strong></span> <span class='ocrx_word' id='word_1_28' title='bbox 240 587 310 638; x_wconf 80' lang='lat' dir='ltr'><strong>hoec</strong></span> <span class='ocrx_word' id='word_1_29' title='bbox 334 590 391 637; x_wconf 75' lang='lat' dir='ltr'><strong>est:</strong></span> <span class='ocrx_word' id='word_1_30' title='bbox 409 582 458 635; x_wconf 86' lang='lat' dir='ltr'><strong>ubi</strong></span> <span class='ocrx_word' id='word_1_31' title='bbox 481 580 591 637; x_wconf 78' lang='lat' dir='ltr'><strong>iacuisti</strong></span> <span class='ocrx_word' id='word_1_32' title='bbox 611 581 706 635; x_wconf 87' lang='lat' dir='ltr'><strong>lustris</strong></span> <span class='ocrx_word' id='word_1_33' title='bbox 723 582 834 635; x_wconf 83' lang='lat' dir='ltr'><strong>studens</strong></span> <span class='ocrx_word' id='word_1_34' title='bbox 852 582 942 650; x_wconf 79' lang='lat' dir='ltr'><strong>(Asin.</strong></span> <span class='ocrx_word' id='word_1_35' title='bbox 957 581 990 647; x_wconf 92' lang='grc'><strong>5,</strong></span> <span class='ocrx_word' id='word_1_36' title='bbox 1006 581 1039 647; x_wconf 87' lang='grc'><strong>2,</strong></span> <span class='ocrx_word' id='word_1_37' title='bbox 1056 582 1125 652; x_wconf 65' lang='lat'><strong>12).</strong></span> 
     </span>
     <span class='ocr_line' id='line_1_5' title="bbox 134 664 1124 743; baseline -0.009 -14"><span class='ocrx_word' id='word_1_38' title='bbox 134 673 268 730; x_wconf 80' lang='lat' dir='ltr'><strong>Similiter</strong></span> <span class='ocrx_word' id='word_1_39' title='bbox 292 671 392 723; x_wconf 73' lang='lat' dir='ltr'><strong>[aunon.</strong></span> <span class='ocrx_word' id='word_1_40' title='bbox 413 667 447 732; x_wconf 78' lang='lat'><strong>9,</strong></span> <span class='ocrx_word' id='word_1_41' title='bbox 463 666 527 743; x_wconf 73' lang='lat' dir='ltr'><strong>nt:</strong></span> <span class='ocrx_word' id='word_1_42' title='bbox 546 670 692 737; x_wconf 76' lang='lat' dir='ltr'><strong>.oosnposita</strong></span> <span class='ocrx_word' id='word_1_43' title='bbox 710 667 739 719; x_wconf 84' lang='lat' dir='ltr'><strong>in</strong></span> <span class='ocrx_word' id='word_1_44' title='bbox 756 673 865 720; x_wconf 70' lang='lat' dir='ltr'><strong>morum</strong></span> <span class='ocrx_word' id='word_1_45' title='bbox 884 669 982 720; x_wconf 74' lang='lat' dir='ltr'><strong>inculte</strong></span> <span class='ocrx_word' id='word_1_46' title='bbox 1002 667 1037 720; x_wconf 91' lang='lat' dir='ltr'><strong>de</strong></span> <span class='ocrx_word' id='word_1_47' title='bbox 1053 664 1124 720; x_wconf 77' lang='lat' dir='ltr'><strong>Cor&#39;-</strong></span> 
     </span>
     <span class='ocr_line' id='line_1_6' title="bbox 135 746 1125 826; baseline -0.008 -11"><span class='ocrx_word' id='word_1_48' title='bbox 135 761 220 823; x_wconf 78' lang='lat' dir='ltr'><strong>uelis,</strong></span> <span class='ocrx_word' id='word_1_49' title='bbox 240 773 310 826; x_wconf 86' lang='lat' dir='ltr'><strong>quoe</strong></span> <span class='ocrx_word' id='word_1_50' title='bbox 325 773 355 808; x_wconf 87' lang='lat' dir='ltr'><strong>se</strong></span> <span class='ocrx_word' id='word_1_51' title='bbox 368 753 452 806; x_wconf 88' lang='lat' dir='ltr'><strong>morti</strong></span> <span class='ocrx_word' id='word_1_52' title='bbox 468 753 653 822; x_wconf 76' lang='lat' dir='ltr'><strong>praeparavit.</strong></span> <span class='ocrx_word' id='word_1_53' title='bbox 684 752 759 805; x_wconf 79' lang='lat' dir='ltr'><strong>coni:</strong></span> <span class='ocrx_word' id='word_1_54' title='bbox 770 746 845 820; x_wconf 77' lang='lat' dir='ltr'><strong>Gdrt.</strong></span> <span class='ocrx_word' id='word_1_55' title='bbox 862 753 898 805; x_wconf 84' lang='lat' dir='ltr'><strong>nd</strong></span> <span class='ocrx_word' id='word_1_56' title='bbox 910 751 982 805; x_wconf 86' lang='lat' dir='ltr'><strong>Ptin.</strong></span> <span class='ocrx_word' id='word_1_57' title='bbox 997 752 1082 821; x_wconf 82' lang='lat' dir='ltr'><strong>Epist</strong></span> <span class='ocrx_word' id='word_1_58' title='bbox 1098 751 1125 821; x_wconf 91' lang='grc'><strong>5,</strong></span> 
     </span>
     <span class='ocr_line' id='line_1_7' title="bbox 135 836 1127 912; baseline -0.005 -14"><span class='ocrx_word' id='word_1_59' title='bbox 135 845 163 912; x_wconf 87' lang='grc'><strong>5,</strong></span> <span class='ocrx_word' id='word_1_60' title='bbox 177 845 203 898; x_wconf 92' lang='grc'><strong>5.</strong></span> <span class='ocrx_word' id='word_1_61' title='bbox 239 842 295 896; x_wconf 90' lang='lat' dir='ltr'><strong>Sed</strong></span> <span class='ocrx_word' id='word_1_62' title='bbox 314 857 378 892; x_wconf 88' lang='lat' dir='ltr'><strong>curn</strong></span> <span class='ocrx_word' id='word_1_63' title='bbox 396 837 459 892; x_wconf 81' lang='lat' dir='ltr'><strong>aliis</strong></span> <span class='ocrx_word' id='word_1_64' title='bbox 479 838 603 892; x_wconf 83' lang='lat' dir='ltr'><strong>Krituins</strong></span> <span class='ocrx_word' id='word_1_65' title='bbox 622 837 816 904; x_wconf 75' lang='lat' dir='ltr'><strong>interpretatur</strong></span> <span class='ocrx_word' id='word_1_66' title='bbox 834 837 901 891; x_wconf 77' lang='lat' dir='ltr'><strong>illa:</strong></span> <span class='ocrx_word' id='word_1_67' title='bbox 913 837 973 889; x_wconf 68' lang='lat' dir='ltr'><strong>‘ubi</strong></span> <span class='ocrx_word' id='word_1_68' title='bbox 994 837 1023 888; x_wconf 90' lang='lat' dir='ltr'><strong>in</strong></span> <span class='ocrx_word' id='word_1_69' title='bbox 1038 836 1127 892; x_wconf 82' lang='lat' dir='ltr'><strong>lustru</strong></span> 
     </span>
     <span class='ocr_line' id='line_1_8' title="bbox 137 921 1126 991; baseline -0.009 -6"><span class='ocrx_word' id='word_1_70' title='bbox 137 928 257 985; x_wconf 81' lang='lat' dir='ltr'><strong>incidisti</strong></span> <span class='ocrx_word' id='word_1_71' title='bbox 275 928 304 979; x_wconf 89' lang='lat' dir='ltr'><strong>in</strong></span> <span class='ocrx_word' id='word_1_72' title='bbox 322 925 411 991; x_wconf 84' lang='lat' dir='ltr'><strong>iisq&#39;ue</strong></span> <span class='ocrx_word' id='word_1_73' title='bbox 427 923 547 977; x_wconf 83' lang='lat' dir='ltr'><strong>iacuisti.</strong></span> <span class='ocrx_word' id='word_1_74' title='bbox 582 924 680 977; x_wconf 88' lang='lat' dir='ltr'><strong>Seuec.</strong></span> <span class='ocrx_word' id='word_1_75' title='bbox 704 923 782 976; x_wconf 83' lang='lat' dir='ltr'><strong>Cous.</strong></span> <span class='ocrx_word' id='word_1_76' title='bbox 797 923 832 976; x_wconf 84' lang='lat' dir='ltr'><strong>od</strong></span> <span class='ocrx_word' id='word_1_77' title='bbox 846 923 938 975; x_wconf 78' lang='lat' dir='ltr'><strong>Marc.¹</strong></span> <span class='ocrx_word' id='word_1_78' title='bbox 956 921 982 986; x_wconf 84' lang='lat'><strong>2,</strong></span> <span class='ocrx_word' id='word_1_79' title='bbox 997 922 1023 975; x_wconf 93' lang='lat'><strong>1.</strong></span> <span class='ocrx_word' id='word_1_80' title='bbox 1038 926 1092 976; x_wconf 86' lang='lat' dir='ltr'><strong>scio</strong></span> <span class='ocrx_word' id='word_1_81' title='bbox 1107 942 1126 976; x_wconf 90' lang='lat' dir='ltr'><strong>a</strong></span> 
     </span>
     <span class='ocr_line' id='line_1_9' title="bbox 77 1000 1128 1089; baseline -0.01 -18"><span class='ocrx_word' id='word_1_82' title='bbox 77 1080 82 1087; x_wconf 37' lang='grc' dir='ltr'>Ι</span> <span class='ocrx_word' id='word_1_83' title='bbox 135 1015 282 1089; x_wconf 75' lang='lat' dir='ltr'><strong>praeceptis</strong></span> <span class='ocrx_word' id='word_1_84' title='bbox 300 1014 530 1083; x_wconf 60' lang='lat' dir='ltr'><strong>moysenomnes,</strong></span> <span class='ocrx_word' id='word_1_85' title='bbox 548 1009 593 1078; x_wconf 79' lang='lat' dir='ltr'><strong>qai</strong></span> <span class='ocrx_word' id='word_1_86' title='bbox 614 1000 717 1061; x_wconf 72' lang='lat' dir='ltr'><strong>acescere¹</strong></span> <span class='ocrx_word' id='word_1_87' title='bbox 737 1010 852 1076; x_wconf 79' lang='lat' dir='ltr'><strong>aliquem</strong></span> <span class='ocrx_word' id='word_1_88' title='bbox 868 1008 972 1085; x_wconf 77' lang='lat' dir='ltr'><strong>colunt,</strong></span> <span class='ocrx_word' id='word_1_89' title='bbox 990 1014 1015 1060; x_wconf 86' lang='lat' dir='ltr'><strong>et</strong></span> <span class='ocrx_word' id='word_1_90' title='bbox 1035 1007 1063 1058; x_wconf 84' lang='lat' dir='ltr'><strong>in</strong></span> <span class='ocrx_word' id='word_1_91' title='bbox 1083 1025 1128 1060; x_wconf 79' lang='lat' dir='ltr'><strong>ea·</strong></span> 
     </span>
     <span class='ocr_line' id='line_1_10' title="bbox 132 1091 1163 1171; baseline -0.006 -22"><span class='ocrx_word' id='word_1_92' title='bbox 132 1104 224 1171; x_wconf 84' lang='lat' dir='ltr'><strong>empta</strong></span> <span class='ocrx_word' id='word_1_93' title='bbox 238 1099 361 1152; x_wconf 84' lang='lat' dir='ltr'><strong>desinere.</strong></span> <span class='ocrx_word' id='word_1_94' title='bbox 395 1093 467 1148; x_wconf 82' lang='lat' dir='ltr'><strong>Nam</strong></span> <span class='ocrx_word' id='word_1_95' title='bbox 490 1093 614 1146; x_wconf 89' lang='lat' dir='ltr'><strong>desinere</strong></span> <span class='ocrx_word' id='word_1_96' title='bbox 633 1097 675 1145; x_wconf 92' lang='lat' dir='ltr'><strong>est</strong></span> <span class='ocrx_word' id='word_1_97' title='bbox 688 1092 726 1146; x_wconf 81' lang='lat' dir='ltr'><strong>ad</strong></span> <span class='ocrx_word' id='word_1_98' title='bbox 746 1091 894 1171; x_wconf 82' lang='lat' dir='ltr'><strong>terminum</strong></span> <span class='ocrx_word' id='word_1_99' title='bbox 907 1091 1046 1161; x_wconf 80' lang='lat' dir='ltr'><strong>progredi.</strong></span> <span class='ocrx_word' id='word_1_100' title='bbox 1071 1092 1127 1144; x_wconf 89' lang='lat' dir='ltr'><strong>vid.</strong></span> <span class='ocrx_word' id='word_1_101' title='bbox 1159 1146 1163 1153; x_wconf 66' lang='grc'><strong>,</strong></span> 
     </span>
     <span class='ocr_line' id='line_1_11' title="bbox 134 1177 1127 1255; baseline -0.009 -15"><span class='ocrx_word' id='word_1_102' title='bbox 134 1188 171 1240; x_wconf 89' lang='lat'><strong>11.</strong></span> <span class='ocrx_word' id='word_1_103' title='bbox 186 1187 212 1238; x_wconf 93' lang='grc'><strong>1.</strong></span> <span class='ocrx_word' id='word_1_104' title='bbox 244 1184 336 1237; x_wconf 86' lang='lat' dir='ltr'><strong>Plnut.</strong></span> <span class='ocrx_word' id='word_1_105' title='bbox 351 1181 432 1232; x_wconf 84' lang='lat' dir='ltr'><strong>Most.</strong></span> <span class='ocrx_word' id='word_1_106' title='bbox 448 1180 474 1244; x_wconf 91' lang='lat'><strong>1,</strong></span> <span class='ocrx_word' id='word_1_107' title='bbox 489 1178 518 1244; x_wconf 87' lang='grc'><strong>2,</strong></span> <span class='ocrx_word' id='word_1_108' title='bbox 533 1177 559 1230; x_wconf 84' lang='grc'><strong>2,</strong></span> <span class='ocrx_word' id='word_1_109' title='bbox 575 1185 783 1248; x_wconf 74' lang='lat' dir='ltr'><strong>argmentaque</strong></span> <span class='ocrx_word' id='word_1_110' title='bbox 803 1179 830 1229; x_wconf 87' lang='lat' dir='ltr'><strong>s&#39;n</strong></span> <span class='ocrx_word' id='word_1_111' title='bbox 840 1186 931 1249; x_wconf 79' lang='lat' dir='ltr'><strong>pectus</strong></span> <span class='ocrx_word' id='word_1_112' title='bbox 945 1179 1027 1232; x_wconf 62' lang='lat' dir='ltr'><strong>indta</strong></span> <span class='ocrx_word' id='word_1_113' title='bbox 1047 1179 1127 1255; x_wconf 54' lang='lat' dir='ltr'><strong>instif</strong></span> 
     </span>
     <span class='ocr_line' id='line_1_12' title="bbox 137 1261 608 1340; baseline -0.025 -14"><span class='ocrx_word' id='word_1_114' title='bbox 137 1272 180 1327; x_wconf 76' lang='lat' dir='ltr'><strong>tot</strong></span> <span class='ocrx_word' id='word_1_115' title='bbox 194 1287 254 1340; x_wconf 79' lang='lat' dir='ltr'><strong>ego.</strong></span> <span class='ocrx_word' id='word_1_116' title='bbox 288 1267 401 1319; x_wconf 81' lang='lat' dir='ltr'><strong>Terent.</strong></span> <span class='ocrx_word' id='word_1_117' title='bbox 417 1265 467 1317; x_wconf 80' lang='lat' dir='ltr'><strong>Ad.</strong></span> <span class='ocrx_word' id='word_1_118' title='bbox 483 1264 508 1331; x_wconf 89' lang='grc'><strong>1,</strong></span> <span class='ocrx_word' id='word_1_119' title='bbox 524 1263 550 1328; x_wconf 87' lang='grc'><strong>1,</strong></span> <span class='ocrx_word' id='word_1_120' title='bbox 566 1261 608 1315; x_wconf 89' lang='grc'><strong>13.</strong></span> 
     </span>
    </p>
   </div>
   <div class='ocr_carea' id='block_1_3' title="bbox 174 1379 1149 1449">
    <p class='ocr_par' dir='ltr' id='par_1_3' title="bbox 174 1379 1149 1449">
     <span class='ocr_line' id='line_1_13' title="bbox 174 1379 1149 1449; baseline -0.004 -8"><span class='ocrx_word' id='word_1_121' title='bbox 174 1382 314 1442; x_wconf 83' lang='lat' dir='ltr'><strong>Sed&#39;hnec</strong></span> <span class='ocrx_word' id='word_1_122' title='bbox 329 1402 383 1438; x_wconf 91' lang='lat' dir='ltr'><strong>nou</strong></span> <span class='ocrx_word' id='word_1_123' title='bbox 400 1388 506 1438; x_wconf 83' lang='lat' dir='ltr'><strong>tuntum</strong></span> <span class='ocrx_word' id='word_1_124' title='bbox 522 1384 623 1449; x_wconf 81' lang='lat' dir='ltr'><strong>nolent,</strong></span> <span class='ocrx_word' id='word_1_125' title='bbox 640 1388 672 1437; x_wconf 93' lang='lat' dir='ltr'><strong>ut</strong></span> <span class='ocrx_word' id='word_1_126' title='bbox 686 1381 771 1437; x_wconf 77' lang='lat' dir='ltr'><strong>otiosi</strong></span> <span class='ocrx_word' id='word_1_127' title='bbox 786 1386 915 1449; x_wconf 80' lang='lat' dir='ltr'><strong>corrupta</strong></span> <span class='ocrx_word' id='word_1_128' title='bbox 931 1382 1017 1436; x_wconf 85' lang='lat' dir='ltr'><strong>verba</strong></span> <span class='ocrx_word' id='word_1_129' title='bbox 1031 1383 1127 1438; x_wconf 83' lang='lat' dir='ltr'><strong>deleu—</strong></span> <span class='ocrx_word' id='word_1_130' title='bbox 1146 1379 1149 1384; x_wconf 74' lang='grc'>’</span> 
     </span>
    </p>
   </div>
   <div class='ocr_carea' id='block_1_4' title="bbox 139 1466 1216 1543">
    <p class='ocr_par' dir='ltr' id='par_1_4' title="bbox 139 1466 1216 1543">
     <span class='ocr_line' id='line_1_14' title="bbox 139 1466 1216 1543; baseline -0.004 -17"><span class='ocrx_word' id='word_1_131' title='bbox 139 1475 245 1527; x_wconf 87' lang='lat' dir='ltr'><strong>damus.</strong></span> <span class='ocrx_word' id='word_1_132' title='bbox 281 1470 336 1525; x_wconf 82' lang='lat' dir='ltr'><strong>Cic.</strong></span> <span class='ocrx_word' id='word_1_133' title='bbox 352 1488 378 1538; x_wconf 81' lang='lat' dir='ltr'><strong>p.</strong></span> <span class='ocrx_word' id='word_1_134' title='bbox 396 1468 500 1522; x_wconf 87' lang='lat' dir='ltr'><strong>Scauro</strong></span> <span class='ocrx_word' id='word_1_135' title='bbox 515 1466 561 1520; x_wconf 78' lang='lat'><strong>24.</strong></span> <span class='ocrx_word' id='word_1_136' title='bbox 576 1476 664 1521; x_wconf 86' lang='lat' dir='ltr'><strong>tomen</strong></span> <span class='ocrx_word' id='word_1_137' title='bbox 680 1485 731 1537; x_wconf 81' lang='lat' dir='ltr'><strong>ege</strong></span> <span class='ocrx_word' id='word_1_138' title='bbox 756 1468 822 1543; x_wconf 77' lang='lat' dir='ltr'><strong>milei</strong></span> <span class='ocrx_word' id='word_1_139' title='bbox 840 1467 988 1537; x_wconf 83' lang='lat' dir='ltr'><strong>provinciae</strong></span> <span class='ocrx_word' id='word_1_140' title='bbox 1007 1486 1128 1522; x_wconf 74' lang='lat' dir='ltr'><strong>carneam</strong></span> <span class='ocrx_word' id='word_1_141' title='bbox 1212 1470 1216 1478; x_wconf 90' lang='lat'>&#39;</span> 
     </span>
    </p>
   </div>
   <div class='ocr_carea' id='block_1_5' title="bbox 139 1553 1151 1882">
    <p class='ocr_par' dir='ltr' id='par_1_5' title="bbox 139 1553 1151 1882">
     <span class='ocr_line' id='line_1_15' title="bbox 139 1553 1151 1628; baseline -0.007 -16"><span class='ocrx_word' id='word_1_142' title='bbox 139 1562 168 1613; x_wconf 84' lang='lat' dir='ltr'><strong>in</strong></span> <span class='ocrx_word' id='word_1_143' title='bbox 183 1559 345 1628; x_wconf 83' lang='lat' dir='ltr'><strong>prouinciam</strong></span> <span class='ocrx_word' id='word_1_144' title='bbox 364 1558 448 1625; x_wconf 81' lang='lat' dir='ltr'><strong>ipsam</strong></span> <span class='ocrx_word' id='word_1_145' title='bbox 469 1554 675 1624; x_wconf 81' lang='lat' dir='ltr'><strong>cognoscendam</strong></span> <span class='ocrx_word' id='word_1_146' title='bbox 696 1559 722 1604; x_wconf 88' lang='lat' dir='ltr'><strong>et</strong></span> <span class='ocrx_word' id='word_1_147' title='bbox 744 1553 893 1605; x_wconf 82' lang='lat' dir='ltr'><strong>discendam</strong></span> <span class='ocrx_word' id='word_1_148' title='bbox 914 1554 1015 1620; x_wconf 81' lang='lat' dir='ltr'><strong>potavi.</strong></span> <span class='ocrx_word' id='word_1_149' title='bbox 1050 1554 1129 1620; x_wconf 78' lang='lat' dir='ltr'><strong>Quae</strong></span> <span class='ocrx_word' id='word_1_150' title='bbox 1148 1618 1151 1623; x_wconf 13' lang='grc' dir='ltr'><strong>Δ</strong></span> 
     </span>
     <span class='ocr_line' id='line_1_16' title="bbox 140 1634 1129 1709; baseline -0.005 -13"><span class='ocrx_word' id='word_1_151' title='bbox 140 1644 257 1697; x_wconf 88' lang='lat' dir='ltr'><strong>Beierus</strong></span> <span class='ocrx_word' id='word_1_152' title='bbox 274 1641 372 1703; x_wconf 84' lang='lat' dir='ltr'><strong>effert,</strong></span> <span class='ocrx_word' id='word_1_153' title='bbox 393 1639 463 1701; x_wconf 79' lang='lat' dir='ltr'><strong>nihil</strong></span> <span class='ocrx_word' id='word_1_154' title='bbox 478 1637 618 1690; x_wconf 78' lang='lat' dir='ltr'><strong>efficiunt:</strong></span> <span class='ocrx_word' id='word_1_155' title='bbox 636 1634 772 1688; x_wconf 83' lang='lat' dir='ltr'><strong>sententio</strong></span> <span class='ocrx_word' id='word_1_156' title='bbox 785 1642 879 1709; x_wconf 80' lang='lat' dir='ltr'><strong>menet</strong></span> <span class='ocrx_word' id='word_1_157' title='bbox 896 1637 968 1689; x_wconf 79' lang='lat' dir='ltr'><strong>falsa</strong></span> <span class='ocrx_word' id='word_1_158' title='bbox 986 1642 1014 1689; x_wconf 88' lang='lat' dir='ltr'><strong>et</strong></span> <span class='ocrx_word' id='word_1_159' title='bbox 1026 1636 1129 1704; x_wconf 79' lang='lat' dir='ltr'><strong>inepta.</strong></span> 
     </span>
     <span class='ocr_line' id='line_1_17' title="bbox 141 1714 1129 1793; baseline -0.005 -13"><span class='ocrx_word' id='word_1_160' title='bbox 141 1728 323 1782; x_wconf 80' lang='lat' dir='ltr'><strong>scribendum</strong></span> <span class='ocrx_word' id='word_1_161' title='bbox 346 1731 388 1776; x_wconf 90' lang='lat' dir='ltr'><strong>est</strong></span> <span class='ocrx_word' id='word_1_162' title='bbox 403 1714 438 1775; x_wconf 65' lang='lat' dir='ltr'><strong>‘in</strong></span> <span class='ocrx_word' id='word_1_163' title='bbox 458 1722 601 1793; x_wconf 80' lang='lat' dir='ltr'><strong>provincia.</strong></span> <span class='ocrx_word' id='word_1_164' title='bbox 644 1719 756 1773; x_wconf 75' lang='lat' dir='ltr'><strong>Sallust.</strong></span> <span class='ocrx_word' id='word_1_165' title='bbox 780 1721 840 1774; x_wconf 83' lang='lat' dir='ltr'><strong>cot.</strong></span> <span class='ocrx_word' id='word_1_166' title='bbox 864 1721 915 1786; x_wconf 89' lang='grc'><strong>11,</strong></span> <span class='ocrx_word' id='word_1_167' title='bbox 936 1719 961 1772; x_wconf 92' lang='grc'><strong>5.</strong></span> <span class='ocrx_word' id='word_1_168' title='bbox 988 1725 1129 1776; x_wconf 81' lang='lat' dir='ltr'><strong>eaeraituns</strong></span> 
     </span>
     <span class='ocr_line' id='line_1_18' title="bbox 144 1803 1131 1882; baseline -0.004 -17"><span class='ocrx_word' id='word_1_169' title='bbox 144 1831 217 1882; x_wconf 81' lang='lat' dir='ltr'><strong>qoem</strong></span> <span class='ocrx_word' id='word_1_170' title='bbox 233 1814 263 1863; x_wconf 84' lang='lat' dir='ltr'><strong>in</strong></span> <span class='ocrx_word' id='word_1_171' title='bbox 278 1811 370 1861; x_wconf 83' lang='lat' dir='ltr'><strong>Asiam</strong></span> <span class='ocrx_word' id='word_1_172' title='bbox 387 1810 546 1861; x_wconf 84' lang='lat' dir='ltr'><strong>ductaverat.</strong></span> <span class='ocrx_word' id='word_1_173' title='bbox 580 1806 625 1859; x_wconf 76' lang='lat' dir='ltr'><strong>lte</strong></span> <span class='ocrx_word' id='word_1_174' title='bbox 640 1805 784 1872; x_wconf 85' lang='lat' dir='ltr'><strong>ediderunt</strong></span> <span class='ocrx_word' id='word_1_175' title='bbox 796 1803 826 1867; x_wconf 88' lang='lat' dir='ltr'><strong>ii,</strong></span> <span class='ocrx_word' id='word_1_176' title='bbox 843 1806 891 1873; x_wconf 88' lang='lat' dir='ltr'><strong>qui</strong></span> <span class='ocrx_word' id='word_1_177' title='bbox 905 1806 1086 1874; x_wconf 76' lang='lat' dir='ltr'><strong>opinabuntur</strong></span> <span class='ocrx_word' id='word_1_178' title='bbox 1103 1810 1131 1861; x_wconf 89' lang='grc' dir='ltr'><strong>ιἰι</strong></span> 
     </span>
    </p>
   </div>
   <div class='ocr_carea' id='block_1_6' title="bbox 142 1889 1242 1982">
    <p class='ocr_par' dir='ltr' id='par_1_6' title="bbox 142 1889 1242 1982">
     <span class='ocr_line' id='line_1_19' title="bbox 142 1889 1242 1982; baseline -0.001 -32"><span class='ocrx_word' id='word_1_179' title='bbox 142 1899 236 1950; x_wconf 81' lang='lat' dir='ltr'><strong>Asiam</strong></span> <span class='ocrx_word' id='word_1_180' title='bbox 258 1895 401 1961; x_wconf 85' lang='lat' dir='ltr'><strong>eleganter</strong></span> <span class='ocrx_word' id='word_1_181' title='bbox 425 1890 479 1943; x_wconf 89' lang='lat' dir='ltr'><strong>dici</strong></span> <span class='ocrx_word' id='word_1_182' title='bbox 496 1894 550 1961; x_wconf 85' lang='lat' dir='ltr'><strong>&#39;pro</strong></span> <span class='ocrx_word' id='word_1_183' title='bbox 570 1892 600 1943; x_wconf 84' lang='lat' dir='ltr'><strong>ia</strong></span> <span class='ocrx_word' id='word_1_184' title='bbox 615 1891 681 1943; x_wconf 82' lang='lat' dir='ltr'><strong>Asia</strong></span> <span class='ocrx_word' id='word_1_185' title='bbox 702 1889 736 1941; x_wconf 88' lang='lat' dir='ltr'><strong>de</strong></span> <span class='ocrx_word' id='word_1_186' title='bbox 757 1891 979 1957; x_wconf 60' lang='lat' dir='ltr'><strong>commoratione.</strong></span> <span class='ocrx_word' id='word_1_187' title='bbox 999 1896 1131 1982; x_wconf 63' lang='lat' dir='ltr'><strong>⁸Doclare</strong></span> <span class='ocrx_word' id='word_1_188' title='bbox 1228 1900 1242 1909; x_wconf 82' lang='grc'><strong>’“</strong></span> 
     </span>
    </p>
   </div>
   <div class='ocr_carea' id='block_1_7' title="bbox 101 1973 799 2034">
    <p class='ocr_par' dir='ltr' id='par_1_7' title="bbox 101 1973 799 2034">
     <span class='ocr_line' id='line_1_20' title="bbox 101 1973 799 2034; baseline -0.009 0"><span class='ocrx_word' id='word_1_189' title='bbox 101 1990 107 2001; x_wconf 89' lang='grc'><em>“</em></span> <span class='ocrx_word' id='word_1_190' title='bbox 145 1981 218 2034; x_wconf 90' lang='lat' dir='ltr'><strong>enim</strong></span> <span class='ocrx_word' id='word_1_191' title='bbox 234 1979 281 2031; x_wconf 90' lang='lat' dir='ltr'><strong>hic</strong></span> <span class='ocrx_word' id='word_1_192' title='bbox 297 1985 339 2031; x_wconf 86' lang='lat' dir='ltr'><strong>est</strong></span> <span class='ocrx_word' id='word_1_193' title='bbox 354 1980 451 2031; x_wconf 89' lang='lat' dir='ltr'><strong>ducem</strong></span> <span class='ocrx_word' id='word_1_194' title='bbox 464 1994 535 2030; x_wconf 79' lang='lat' dir='ltr'><strong>esse.</strong></span> <span class='ocrx_word' id='word_1_195' title='bbox 569 1974 638 2028; x_wconf 76' lang='lat' dir='ltr'><strong>l&#39;ide</strong></span> <span class='ocrx_word' id='word_1_196' title='bbox 651 1973 799 2028; x_wconf 83' lang='lat' dir='ltr'><strong>Kritzium.</strong></span> 
     </span>
    </p>
   </div>
   <div class='ocr_carea' id='block_1_8' title="bbox 143 2095 1133 2335">
    <p class='ocr_par' dir='ltr' id='par_1_8' title="bbox 143 2095 1133 2335">
     <span class='ocr_line' id='line_1_21' title="bbox 167 2095 1132 2175; baseline 0.003 -25"><span class='ocrx_word' id='word_1_197' title='bbox 167 2097 384 2150; x_wconf 51' lang='lat' dir='ltr'><strong>¹&#39;I&#39;echuicorum</strong></span> <span class='ocrx_word' id='word_1_198' title='bbox 397 2095 590 2175; x_wconf 64' lang='lat' dir='ltr'><strong>liugnctetium</strong></span> <span class='ocrx_word' id='word_1_199' title='bbox 603 2095 676 2171; x_wconf 80' lang='lat' dir='ltr'><strong>apud</strong></span> <span class='ocrx_word' id='word_1_200' title='bbox 690 2096 829 2162; x_wconf 76' lang='lat' dir='ltr'><strong>Romanos</strong></span> <span class='ocrx_word' id='word_1_201' title='bbox 845 2114 974 2168; x_wconf 77' lang='lat' dir='ltr'><strong>magnum</strong></span> <span class='ocrx_word' id='word_1_202' title='bbox 989 2098 1132 2154; x_wconf 84' lang='lat' dir='ltr'><strong>licentiam</strong></span> 
     </span>
     <span class='ocr_line' id='line_1_22' title="bbox 143 2180 1131 2260; baseline 0.002 -22"><span class='ocrx_word' id='word_1_203' title='bbox 143 2185 241 2238; x_wconf 82' lang='lat' dir='ltr'><strong>habuit</strong></span> <span class='ocrx_word' id='word_1_204' title='bbox 255 2200 428 2236; x_wconf 82' lang='lat' dir='ltr'><strong>eoncessum:</strong></span> <span class='ocrx_word' id='word_1_205' title='bbox 449 2188 541 2235; x_wconf 82' lang='lat' dir='ltr'><strong>temen</strong></span> <span class='ocrx_word' id='word_1_206' title='bbox 556 2198 592 2234; x_wconf 93' lang='lat' dir='ltr'><strong>ue</strong></span> <span class='ocrx_word' id='word_1_207' title='bbox 607 2180 700 2248; x_wconf 80' lang='lat' dir='ltr'><strong>inepto</strong></span> <span class='ocrx_word' id='word_1_208' title='bbox 722 2181 797 2236; x_wconf 84' lang='lat' dir='ltr'><strong>dicte</strong></span> <span class='ocrx_word' id='word_1_209' title='bbox 814 2184 1003 2254; x_wconf 79' lang='lat' dir='ltr'><strong>negligentiae</strong></span> <span class='ocrx_word' id='word_1_210' title='bbox 1020 2186 1131 2260; x_wconf 87' lang='lat' dir='ltr'><strong>nomine</strong></span> 
     </span>
     <span class='ocr_line' id='line_1_23' title="bbox 145 2264 1133 2335; baseline 0.002 -10"><span class='ocrx_word' id='word_1_211' title='bbox 145 2288 321 2335; x_wconf 82' lang='lat' dir='ltr'><strong>excusemus,</strong></span> <span class='ocrx_word' id='word_1_212' title='bbox 348 2267 499 2320; x_wconf 79' lang='lat' dir='ltr'><strong>cavendum</strong></span> <span class='ocrx_word' id='word_1_213' title='bbox 514 2264 576 2320; x_wconf 85' lang='lat' dir='ltr'><strong>erit.</strong></span> <span class='ocrx_word' id='word_1_214' title='bbox 610 2266 760 2320; x_wconf 85' lang='lat' dir='ltr'><strong>Formuloe</strong></span> <span class='ocrx_word' id='word_1_215' title='bbox 774 2269 915 2323; x_wconf 86' lang='lat' dir='ltr'><strong>technicne</strong></span> <span class='ocrx_word' id='word_1_216' title='bbox 933 2272 1061 2326; x_wconf 75' lang='lat' dir='ltr'><strong>videntur</strong></span> <span class='ocrx_word' id='word_1_217' title='bbox 1077 2274 1133 2327; x_wconf 80' lang='lat' dir='ltr'><strong>hue</strong></span> 
     </span>
    </p>
   </div>
   <div class='ocr_carea' id='block_1_9' title="bbox 142 2349 1246 2513">
    <p class='ocr_par' dir='ltr' id='par_1_9' title="bbox 142 2349 1246 2513">
     <span class='ocr_line' id='line_1_24' title="bbox 142 2349 1246 2426; baseline -0.005 -14"><span class='ocrx_word' id='word_1_218' title='bbox 142 2359 215 2424; x_wconf 78' lang='lat' dir='ltr'><strong>opud</strong></span> <span class='ocrx_word' id='word_1_219' title='bbox 234 2357 366 2409; x_wconf 85' lang='lat' dir='ltr'><strong>Catonem</strong></span> <span class='ocrx_word' id='word_1_220' title='bbox 380 2354 415 2405; x_wconf 90' lang='lat' dir='ltr'><strong>de</strong></span> <span class='ocrx_word' id='word_1_221' title='bbox 430 2353 473 2404; x_wconf 88' lang='lat' dir='ltr'><strong>Re</strong></span> <span class='ocrx_word' id='word_1_222' title='bbox 488 2370 513 2403; x_wconf 87' lang='lat' dir='ltr'><strong>r.</strong></span> <span class='ocrx_word' id='word_1_223' title='bbox 530 2349 613 2417; x_wconf 57' lang='grc'><strong>3112.</strong></span> <span class='ocrx_word' id='word_1_224' title='bbox 630 2352 691 2404; x_wconf 80' lang='lat' dir='ltr'><strong>inde</strong></span> <span class='ocrx_word' id='word_1_225' title='bbox 706 2354 844 2408; x_wconf 83' lang='lat' dir='ltr'><strong>laterculos</strong></span> <span class='ocrx_word' id='word_1_226' title='bbox 856 2360 961 2424; x_wconf 83' lang='lat' dir='ltr'><strong>facito,</strong></span> <span class='ocrx_word' id='word_1_227' title='bbox 981 2359 1082 2426; x_wconf 78' lang='lat' dir='ltr'><strong>coquito</strong></span> <span class='ocrx_word' id='word_1_228' title='bbox 1103 2360 1132 2410; x_wconf 84' lang='lat' dir='ltr'><strong>in</strong></span> <span class='ocrx_word' id='word_1_229' title='bbox 1243 2382 1246 2386; x_wconf 94' lang='lat'>·</span> 
     </span>
     <span class='ocr_line' id='line_1_25' title="bbox 143 2437 1226 2513; baseline -0.001 -18"><span class='ocrx_word' id='word_1_230' title='bbox 143 2451 290 2513; x_wconf 80' lang='lat' dir='ltr'><strong>fornacem.</strong></span> <span class='ocrx_word' id='word_1_231' title='bbox 324 2437 391 2504; x_wconf 84' lang='grc'><strong>156,</strong></span> <span class='ocrx_word' id='word_1_232' title='bbox 409 2437 435 2490; x_wconf 92' lang='grc'><strong>5.</strong></span> <span class='ocrx_word' id='word_1_233' title='bbox 463 2437 606 2490; x_wconf 82' lang='lat' dir='ltr'><strong>brassicam</strong></span> <span class='ocrx_word' id='word_1_234' title='bbox 626 2437 654 2488; x_wconf 88' lang='lat' dir='ltr'><strong>s&#39;n</strong></span> <span class='ocrx_word' id='word_1_235' title='bbox 683 2455 779 2505; x_wconf 81' lang='lat' dir='ltr'><strong>aquam</strong></span> <span class='ocrx_word' id='word_1_236' title='bbox 801 2456 935 2495; x_wconf 81' lang='lat' dir='ltr'><strong>macerare</strong></span> <span class='ocrx_word' id='word_1_237' title='bbox 954 2451 1065 2511; x_wconf 81' lang='lat' dir='ltr'><strong>oportet.</strong></span> <span class='ocrx_word' id='word_1_238' title='bbox 1100 2443 1134 2496; x_wconf 87' lang='lat' dir='ltr'><strong>Iu</strong></span> <span class='ocrx_word' id='word_1_239' title='bbox 1223 2464 1226 2471; x_wconf 92' lang='lat'><em>·</em></span> 
     </span>
    </p>
   </div>
   <div class='ocr_carea' id='block_1_10' title="bbox 145 2521 1191 3019">
    <p class='ocr_par' dir='ltr' id='par_1_10' title="bbox 145 2521 1191 3019">
     <span class='ocr_line' id='line_1_26' title="bbox 145 2521 1134 2596; baseline 0 -15"><span class='ocrx_word' id='word_1_240' title='bbox 145 2529 189 2592; x_wconf 78' lang='lat'><strong>39,</strong></span> <span class='ocrx_word' id='word_1_241' title='bbox 206 2527 232 2580; x_wconf 83' lang='lat'><strong>2.</strong></span> <span class='ocrx_word' id='word_1_242' title='bbox 247 2543 296 2596; x_wconf 83' lang='lat' dir='ltr'><strong>per</strong></span> <span class='ocrx_word' id='word_1_243' title='bbox 317 2525 426 2576; x_wconf 76' lang='lat' dir='ltr'><strong>imbrem</strong></span> <span class='ocrx_word' id='word_1_244' title='bbox 446 2522 473 2573; x_wconf 83' lang='lat' dir='ltr'><strong>in</strong></span> <span class='ocrx_word' id='word_1_245' title='bbox 494 2521 586 2574; x_wconf 80' lang='lat' dir='ltr'><strong>villam</strong></span> <span class='ocrx_word' id='word_1_246' title='bbox 603 2523 719 2588; x_wconf 73' lang='lat' dir='ltr'><strong>acuendo</strong></span> <span class='ocrx_word' id='word_1_247' title='bbox 744 2524 805 2591; x_wconf 80' lang='lat' dir='ltr'><strong>quid</strong></span> <span class='ocrx_word' id='word_1_248' title='bbox 823 2526 882 2594; x_wconf 74' lang='lat' dir='ltr'><strong>fieri</strong></span> <span class='ocrx_word' id='word_1_249' title='bbox 900 2529 990 2595; x_wconf 83' lang='lat' dir='ltr'><strong>possit.</strong></span> <span class='ocrx_word' id='word_1_250' title='bbox 1023 2533 1134 2581; x_wconf 81' lang='lat' dir='ltr'><strong>veteres</strong></span> 
     </span>
     <span class='ocr_line' id='line_1_27' title="bbox 146 2603 1135 2676; baseline -0.001 -11"><span class='ocrx_word' id='word_1_251' title='bbox 146 2612 277 2666; x_wconf 89' lang='lat' dir='ltr'><strong>editiones</strong></span> <span class='ocrx_word' id='word_1_252' title='bbox 294 2610 399 2662; x_wconf 83' lang='lat' dir='ltr'><strong>hebent</strong></span> <span class='ocrx_word' id='word_1_253' title='bbox 417 2609 444 2660; x_wconf 84' lang='lat' dir='ltr'><strong>in</strong></span> <span class='ocrx_word' id='word_1_254' title='bbox 460 2607 533 2659; x_wconf 87' lang='lat' dir='ltr'><strong>oilla.</strong></span> <span class='ocrx_word' id='word_1_255' title='bbox 567 2603 612 2669; x_wconf 87' lang='grc'><strong>52,</strong></span> <span class='ocrx_word' id='word_1_256' title='bbox 631 2604 656 2655; x_wconf 89' lang='lat' dir='ltr'><strong>l.</strong></span> <span class='ocrx_word' id='word_1_257' title='bbox 674 2623 732 2658; x_wconf 86' lang='lat' dir='ltr'><strong>enm</strong></span> <span class='ocrx_word' id='word_1_258' title='bbox 748 2611 853 2676; x_wconf 79' lang='lat' dir='ltr'><strong>quolam</strong></span> <span class='ocrx_word' id='word_1_259' title='bbox 868 2618 914 2662; x_wconf 87' lang='lat' dir='ltr'><strong>act</strong></span> <span class='ocrx_word' id='word_1_260' title='bbox 932 2612 1040 2663; x_wconf 84' lang='lat' dir='ltr'><strong>calicem</strong></span> <span class='ocrx_word' id='word_1_261' title='bbox 1062 2621 1135 2666; x_wconf 80' lang='lat' dir='ltr'><strong>terra</strong></span> 
     </span>
     <span class='ocr_line' id='line_1_28' title="bbox 147 2692 1137 2767; baseline 0 -15"><span class='ocrx_word' id='word_1_262' title='bbox 147 2701 254 2767; x_wconf 83' lang='lat' dir='ltr'><strong>impleto</strong></span> <span class='ocrx_word' id='word_1_263' title='bbox 270 2697 416 2762; x_wconf 80' lang='lat' dir='ltr'><strong>calcatoque</strong></span> <span class='ocrx_word' id='word_1_264' title='bbox 432 2694 509 2757; x_wconf 83' lang='lat' dir='ltr'><strong>bene,</strong></span> <span class='ocrx_word' id='word_1_265' title='bbox 537 2692 566 2744; x_wconf 82' lang='lat' dir='ltr'><strong>in</strong></span> <span class='ocrx_word' id='word_1_266' title='bbox 582 2693 700 2744; x_wconf 83' lang='lat' dir='ltr'><strong>arborem</strong></span> <span class='ocrx_word' id='word_1_267' title='bbox 717 2693 864 2762; x_wconf 80' lang='lat' dir='ltr'><strong>relinquito.</strong></span> <span class='ocrx_word' id='word_1_268' title='bbox 897 2695 1078 2750; x_wconf 75' lang='lat' dir='ltr'><strong>scribendum</strong></span> <span class='ocrx_word' id='word_1_269' title='bbox 1095 2703 1137 2752; x_wconf 86' lang='lat' dir='ltr'><strong>est</strong></span> 
     </span>
     <span class='ocr_line' id='line_1_29' title="bbox 145 2776 1191 2853; baseline 0 -17"><span class='ocrx_word' id='word_1_270' title='bbox 145 2786 269 2853; x_wconf 82' lang='lat' dir='ltr'><strong>religato.</strong></span> <span class='ocrx_word' id='word_1_271' title='bbox 303 2776 442 2832; x_wconf 86' lang='lat' dir='ltr'><strong>Vnrrode</strong></span> <span class='ocrx_word' id='word_1_272' title='bbox 462 2777 505 2828; x_wconf 85' lang='lat' dir='ltr'><strong>Re</strong></span> <span class='ocrx_word' id='word_1_273' title='bbox 520 2794 543 2848; x_wconf 83' lang='lat' dir='ltr'><strong>r.</strong></span> <span class='ocrx_word' id='word_1_274' title='bbox 558 2776 590 2842; x_wconf 89' lang='grc'><strong>2,</strong></span> <span class='ocrx_word' id='word_1_275' title='bbox 609 2776 641 2841; x_wconf 87' lang='grc'><strong>1,</strong></span> <span class='ocrx_word' id='word_1_276' title='bbox 655 2776 698 2828; x_wconf 91' lang='grc'><strong>21.</strong></span> <span class='ocrx_word' id='word_1_277' title='bbox 719 2779 792 2831; x_wconf 83' lang='lat' dir='ltr'><strong>caios</strong></span> <span class='ocrx_word' id='word_1_278' title='bbox 812 2779 932 2833; x_wconf 77' lang='lat' dir='ltr'><strong>scientiae</strong></span> <span class='ocrx_word' id='word_1_279' title='bbox 950 2799 1050 2851; x_wconf 81' lang='lat' dir='ltr'><strong>genero</strong></span> <span class='ocrx_word' id='word_1_280' title='bbox 1072 2785 1133 2848; x_wconf 83' lang='lat' dir='ltr'><strong>duo,</strong></span> <span class='ocrx_word' id='word_1_281' title='bbox 1177 2782 1191 2829; x_wconf 83' lang='grc' dir='ltr'><strong>’ἶ</strong></span> 
     </span>
     <span class='ocr_line' id='line_1_30' title="bbox 146 2863 1134 2932; baseline -0.001 -11"><span class='ocrx_word' id='word_1_282' title='bbox 146 2888 244 2930; x_wconf 85' lang='lat' dir='ltr'><strong>onom,</strong></span> <span class='ocrx_word' id='word_1_283' title='bbox 261 2874 292 2918; x_wconf 86' lang='lat' dir='ltr'><strong>at</strong></span> <span class='ocrx_word' id='word_1_284' title='bbox 308 2867 335 2917; x_wconf 86' lang='lat' dir='ltr'><strong>in</strong></span> <span class='ocrx_word' id='word_1_285' title='bbox 352 2863 495 2927; x_wconf 68' lang='lat' dir='ltr'><strong>nomina,</strong></span> <span class='ocrx_word' id='word_1_286' title='bbox 517 2865 553 2915; x_wconf 83' lang='lat' dir='ltr'><strong>ad</strong></span> <span class='ocrx_word' id='word_1_287' title='bbox 570 2881 643 2932; x_wconf 81' lang='lat' dir='ltr'><strong>quem</strong></span> <span class='ocrx_word' id='word_1_288' title='bbox 657 2863 801 2919; x_wconf 74' lang='lat' dir='ltr'><strong>adnitendi</strong></span> <span class='ocrx_word' id='word_1_289' title='bbox 813 2865 915 2916; x_wconf 85' lang='lat' dir='ltr'><strong>medici.</strong></span> <span class='ocrx_word' id='word_1_290' title='bbox 948 2865 1040 2920; x_wconf 84' lang='lat' dir='ltr'><strong>Verba</strong></span> <span class='ocrx_word' id='word_1_291' title='bbox 1058 2875 1088 2919; x_wconf 86' lang='lat' dir='ltr'><strong>at</strong></span> <span class='ocrx_word' id='word_1_292' title='bbox 1104 2871 1134 2920; x_wconf 86' lang='lat' dir='ltr'><strong>s&#39;n</strong></span> 
     </span>
     <span class='ocr_line' id='line_1_31' title="bbox 147 2947 1134 3019; baseline -0.001 -12"><span class='ocrx_word' id='word_1_293' title='bbox 147 2956 275 3008; x_wconf 75' lang='lat' dir='ltr'><strong>hominem</strong></span> <span class='ocrx_word' id='word_1_294' title='bbox 291 2967 308 3002; x_wconf 86' lang='lat' dir='ltr'><strong>n</strong></span> <span class='ocrx_word' id='word_1_295' title='bbox 325 2950 478 3019; x_wconf 70' lang='lat' dir='ltr'><strong>glossatore</strong></span> <span class='ocrx_word' id='word_1_296' title='bbox 492 2947 629 3015; x_wconf 77' lang='lat' dir='ltr'><strong>adscripto</strong></span> <span class='ocrx_word' id='word_1_297' title='bbox 643 2965 702 3000; x_wconf 86' lang='lat' dir='ltr'><strong>esse</strong></span> <span class='ocrx_word' id='word_1_298' title='bbox 725 2949 831 3003; x_wconf 84' lang='lat' dir='ltr'><strong>censuit</strong></span> <span class='ocrx_word' id='word_1_299' title='bbox 845 2949 975 3003; x_wconf 79' lang='lat' dir='ltr'><strong>Vrsinus.-</strong></span> <span class='ocrx_word' id='word_1_300' title='bbox 993 2953 1041 3004; x_wconf 90' lang='lat' dir='ltr'><strong>sed</strong></span> <span class='ocrx_word' id='word_1_301' title='bbox 1062 2952 1134 3006; x_wconf 89' lang='lat' dir='ltr'><strong>inte-</strong></span> 
     </span>
    </p>
   </div>
   <div class='ocr_carea' id='block_1_11' title="bbox 147 3030 1248 3108">
    <p class='ocr_par' dir='ltr' id='par_1_11' title="bbox 147 3030 1248 3108">
     <span class='ocr_line' id='line_1_32' title="bbox 147 3030 1248 3108; baseline -0.003 -17"><span class='ocrx_word' id='word_1_302' title='bbox 147 3056 200 3108; x_wconf 80' lang='lat' dir='ltr'><strong>gre</strong></span> <span class='ocrx_word' id='word_1_303' title='bbox 215 3036 352 3088; x_wconf 87' lang='lat' dir='ltr'><strong>videntur.</strong></span> <span class='ocrx_word' id='word_1_304' title='bbox 388 3031 452 3084; x_wconf 82' lang='lat' dir='ltr'><strong>vide</strong></span> <span class='ocrx_word' id='word_1_305' title='bbox 469 3050 495 3100; x_wconf 79' lang='lat' dir='ltr'><strong>p.</strong></span> <span class='ocrx_word' id='word_1_306' title='bbox 512 3031 573 3084; x_wconf 89' lang='grc'><strong>311.</strong></span> <span class='ocrx_word' id='word_1_307' title='bbox 590 3031 624 3098; x_wconf 85' lang='grc'><strong>3,</strong></span> <span class='ocrx_word' id='word_1_308' title='bbox 640 3031 690 3097; x_wconf 80' lang='lat'><strong>14,</strong></span> <span class='ocrx_word' id='word_1_309' title='bbox 704 3030 731 3087; x_wconf 85' lang='grc'><strong>3.</strong></span> <span class='ocrx_word' id='word_1_310' title='bbox 756 3035 781 3086; x_wconf 83' lang='lat' dir='ltr'><strong>si</strong></span> <span class='ocrx_word' id='word_1_311' title='bbox 796 3035 868 3087; x_wconf 82' lang='lat' dir='ltr'><strong>sivos</strong></span> <span class='ocrx_word' id='word_1_312' title='bbox 882 3053 934 3088; x_wconf 88' lang='lat' dir='ltr'><strong>non</strong></span> <span class='ocrx_word' id='word_1_313' title='bbox 947 3039 1083 3105; x_wconf 79' lang='lat' dir='ltr'><strong>prohibet,</strong></span> <span class='ocrx_word' id='word_1_314' title='bbox 1105 3041 1135 3092; x_wconf 87' lang='grc' dir='ltr'><strong>ιἰι</strong></span> <span class='ocrx_word' id='word_1_315' title='bbox 1244 3040 1248 3055; x_wconf 84' lang='lat'><em>&#39;</em></span> 
     </span>
    </p>
   </div>
   <div class='ocr_carea' id='block_1_12' title="bbox 148 3117 1221 3865">
    <p class='ocr_par' dir='ltr' id='par_1_12' title="bbox 148 3117 1221 3865">
     <span class='ocr_line' id='line_1_33' title="bbox 148 3117 1137 3193; baseline 0 -18"><span class='ocrx_word' id='word_1_316' title='bbox 148 3124 260 3192; x_wconf 80' lang='lat' dir='ltr'><strong>parietes</strong></span> <span class='ocrx_word' id='word_1_317' title='bbox 274 3128 367 3173; x_wconf 86' lang='lat' dir='ltr'><strong>stantes</strong></span> <span class='ocrx_word' id='word_1_318' title='bbox 384 3119 489 3177; x_wconf 84' lang='lat' dir='ltr'><strong>incenit.</strong></span> <span class='ocrx_word' id='word_1_319' title='bbox 523 3117 704 3170; x_wconf 88' lang='lat' dir='ltr'><strong>Scribeudnm</strong></span> <span class='ocrx_word' id='word_1_320' title='bbox 719 3118 828 3171; x_wconf 81' lang='lat' dir='ltr'><strong>videtur</strong></span> <span class='ocrx_word' id='word_1_321' title='bbox 845 3121 874 3172; x_wconf 82' lang='lat' dir='ltr'><strong>in</strong></span> <span class='ocrx_word' id='word_1_322' title='bbox 892 3122 1005 3190; x_wconf 78' lang='lat' dir='ltr'><strong>panietes</strong></span> <span class='ocrx_word' id='word_1_323' title='bbox 1027 3132 1137 3193; x_wconf 80' lang='lat' dir='ltr'><strong>reptan-</strong></span> 
     </span>
     <span class='ocr_line' id='line_1_34' title="bbox 149 3202 1158 3272; baseline 0.004 -14"><span class='ocrx_word' id='word_1_324' title='bbox 149 3214 188 3259; x_wconf 84' lang='lat' dir='ltr'><strong>tes</strong></span> <span class='ocrx_word' id='word_1_325' title='bbox 212 3205 317 3256; x_wconf 83' lang='lat' dir='ltr'><strong>incenit.</strong></span> <span class='ocrx_word' id='word_1_326' title='bbox 335 3203 355 3255; x_wconf 90' lang='lat' dir='ltr'><strong>l.</strong></span> <span class='ocrx_word' id='word_1_327' title='bbox 371 3220 395 3254; x_wconf 86' lang='lat' dir='ltr'><strong>e.</strong></span> <span class='ocrx_word' id='word_1_328' title='bbox 415 3203 458 3255; x_wconf 85' lang='lat' dir='ltr'><strong>die</strong></span> <span class='ocrx_word' id='word_1_329' title='bbox 475 3203 580 3255; x_wconf 81' lang='lat' dir='ltr'><strong>dede</strong></span> <span class='ocrx_word' id='word_1_330' title='bbox 594 3204 681 3257; x_wconf 71' lang='lat' dir='ltr'><strong>dinan.</strong></span> <span class='ocrx_word' id='word_1_331' title='bbox 716 3204 780 3256; x_wconf 85' lang='lat' dir='ltr'><strong>vide</strong></span> <span class='ocrx_word' id='word_1_332' title='bbox 798 3202 898 3272; x_wconf 58' lang='grc'><strong>11303,</strong></span> <span class='ocrx_word' id='word_1_333' title='bbox 914 3203 941 3258; x_wconf 89' lang='grc'><strong>5.</strong></span> <span class='ocrx_word' id='word_1_334' title='bbox 969 3207 1075 3261; x_wconf 84' lang='lat' dir='ltr'><strong>Gellius</strong></span> <span class='ocrx_word' id='word_1_335' title='bbox 1086 3227 1135 3262; x_wconf 90' lang='lat' dir='ltr'><strong>rc·</strong></span> <span class='ocrx_word' id='word_1_336' title='bbox 1155 3225 1158 3232; x_wconf 88' lang='lat'><em>·</em></span> 
     </span>
     <span class='ocr_line' id='line_1_35' title="bbox 150 3280 1211 3360; baseline 0.006 -18"><span class='ocrx_word' id='word_1_337' title='bbox 150 3292 207 3343; x_wconf 78' lang='lat' dir='ltr'><strong>lert</strong></span> <span class='ocrx_word' id='word_1_338' title='bbox 228 3289 279 3351; x_wconf 84' lang='lat' dir='ltr'><strong>lo,</strong></span> <span class='ocrx_word' id='word_1_339' title='bbox 296 3286 340 3340; x_wconf 77' lang='lat'><strong>24.</strong></span> <span class='ocrx_word' id='word_1_340' title='bbox 362 3285 489 3339; x_wconf 79' lang='lat' dir='ltr'><strong>Coelium</strong></span> <span class='ocrx_word' id='word_1_341' title='bbox 509 3284 538 3338; x_wconf 88' lang='lat' dir='ltr'><strong>iu</strong></span> <span class='ocrx_word' id='word_1_342' title='bbox 563 3280 710 3342; x_wconf 79' lang='lat' dir='ltr'><strong>Historias.</strong></span> <span class='ocrx_word' id='word_1_343' title='bbox 733 3287 805 3341; x_wconf 85' lang='lat' dir='ltr'><strong>libro</strong></span> <span class='ocrx_word' id='word_1_344' title='bbox 834 3288 953 3342; x_wconf 90' lang='lat' dir='ltr'><strong>secundo</strong></span> <span class='ocrx_word' id='word_1_345' title='bbox 974 3291 1134 3360; x_wconf 73' lang='lat' dir='ltr'><strong>scripsisses</strong></span> <span class='ocrx_word' id='word_1_346' title='bbox 1208 3299 1211 3305; x_wconf 87' lang='lat'>&#39;</span> 
     </span>
     <span class='ocr_line' id='line_1_36' title="bbox 151 3370 1134 3447; baseline 0.004 -19"><span class='ocrx_word' id='word_1_347' title='bbox 151 3377 195 3428; x_wconf 79' lang='lat' dir='ltr'><strong>die</strong></span> <span class='ocrx_word' id='word_1_348' title='bbox 212 3373 404 3442; x_wconf 77' lang='lat' dir='ltr'><strong>quintilianus</strong></span> <span class='ocrx_word' id='word_1_349' title='bbox 420 3373 449 3422; x_wconf 84' lang='lat' dir='ltr'><strong>in</strong></span> <span class='ocrx_word' id='word_1_350' title='bbox 467 3370 622 3438; x_wconf 73' lang='lat' dir='ltr'><strong>capitolium</strong></span> <span class='ocrx_word' id='word_1_351' title='bbox 636 3375 732 3426; x_wconf 82' lang='lat' dir='ltr'><strong>corato</strong></span> <span class='ocrx_word' id='word_1_352' title='bbox 749 3374 795 3426; x_wconf 79' lang='lat' dir='ltr'><strong>tibi</strong></span> <span class='ocrx_word' id='word_1_353' title='bbox 809 3391 888 3427; x_wconf 87' lang='lat' dir='ltr'><strong>coeno</strong></span> <span class='ocrx_word' id='word_1_354' title='bbox 903 3375 939 3427; x_wconf 86' lang='lat' dir='ltr'><strong>sit</strong></span> <span class='ocrx_word' id='word_1_355' title='bbox 952 3383 1032 3429; x_wconf 86' lang='lat' dir='ltr'><strong>cocta.</strong></span> <span class='ocrx_word' id='word_1_356' title='bbox 1051 3385 1134 3447; x_wconf 81' lang='lat' dir='ltr'><strong>etque</strong></span> 
     </span>
     <span class='ocr_line' id='line_1_37' title="bbox 151 3454 1221 3535; baseline 0.003 -21"><span class='ocrx_word' id='word_1_357' title='bbox 151 3463 224 3514; x_wconf 87' lang='lat' dir='ltr'><strong>haec</strong></span> <span class='ocrx_word' id='word_1_358' title='bbox 244 3457 331 3510; x_wconf 79' lang='lat' dir='ltr'><strong>verbo</strong></span> <span class='ocrx_word' id='word_1_359' title='bbox 346 3473 379 3509; x_wconf 86' lang='lat' dir='ltr'><strong>ex</strong></span> <span class='ocrx_word' id='word_1_360' title='bbox 394 3454 510 3524; x_wconf 76' lang='lat' dir='ltr'><strong>Origine</strong></span> <span class='ocrx_word' id='word_1_361' title='bbox 528 3456 566 3508; x_wconf 84' lang='grc' dir='ltr'><strong>Μ.</strong></span> <span class='ocrx_word' id='word_1_362' title='bbox 588 3455 700 3535; x_wconf 80' lang='lat' dir='ltr'><strong>catonis</strong></span> <span class='ocrx_word' id='word_1_363' title='bbox 716 3456 860 3526; x_wconf 75' lang='lat' dir='ltr'><strong>desumpto</strong></span> <span class='ocrx_word' id='word_1_364' title='bbox 880 3474 956 3524; x_wconf 84' lang='lat' dir='ltr'><strong>esse,</strong></span> <span class='ocrx_word' id='word_1_365' title='bbox 971 3460 1001 3513; x_wconf 89' lang='lat' dir='ltr'><strong>iu</strong></span> <span class='ocrx_word' id='word_1_366' title='bbox 1017 3479 1071 3531; x_wconf 80' lang='lat' dir='ltr'><strong>quo</strong></span> <span class='ocrx_word' id='word_1_367' title='bbox 1095 3464 1136 3517; x_wconf 83' lang='lat' dir='ltr'><strong>ito</strong></span> <span class='ocrx_word' id='word_1_368' title='bbox 1217 3520 1221 3529; x_wconf 66' lang='grc'><em>,</em></span> 
     </span>
     <span class='ocr_line' id='line_1_38' title="bbox 150 3541 1135 3611; baseline 0.001 -11"><span class='ocrx_word' id='word_1_369' title='bbox 150 3545 285 3611; x_wconf 79' lang='lat' dir='ltr'><strong>seriptum</strong></span> <span class='ocrx_word' id='word_1_370' title='bbox 307 3542 421 3596; x_wconf 83' lang='lat' dir='ltr'><strong>fuisset=</strong></span> <span class='ocrx_word' id='word_1_371' title='bbox 446 3542 489 3594; x_wconf 82' lang='lat' dir='ltr'><strong>die</strong></span> <span class='ocrx_word' id='word_1_372' title='bbox 508 3541 591 3610; x_wconf 71' lang='lat' dir='ltr'><strong>quinti</strong></span> <span class='ocrx_word' id='word_1_373' title='bbox 607 3542 636 3593; x_wconf 85' lang='lat' dir='ltr'><strong>s&#39;n</strong></span> <span class='ocrx_word' id='word_1_374' title='bbox 658 3541 787 3609; x_wconf 76' lang='lat' dir='ltr'><strong>Capitolio</strong></span> <span class='ocrx_word' id='word_1_375' title='bbox 810 3543 860 3595; x_wconf 81' lang='lat' dir='ltr'><strong>titi</strong></span> <span class='ocrx_word' id='word_1_376' title='bbox 875 3560 957 3597; x_wconf 88' lang='lat' dir='ltr'><strong>coena</strong></span> <span class='ocrx_word' id='word_1_377' title='bbox 977 3554 1051 3599; x_wconf 88' lang='lat' dir='ltr'><strong>cocta</strong></span> <span class='ocrx_word' id='word_1_378' title='bbox 1076 3552 1135 3602; x_wconf 85' lang='lat' dir='ltr'><strong>erit.</strong></span> 
     </span>
     <span class='ocr_line' id='line_1_39' title="bbox 150 3624 1135 3701; baseline 0.004 -21"><span class='ocrx_word' id='word_1_379' title='bbox 150 3629 224 3698; x_wconf 81' lang='lat' dir='ltr'><strong>Quid</strong></span> <span class='ocrx_word' id='word_1_380' title='bbox 250 3627 334 3681; x_wconf 80' lang='lat' dir='ltr'><strong>inde‘l</strong></span> <span class='ocrx_word' id='word_1_381' title='bbox 367 3625 479 3681; x_wconf 73' lang='lat' dir='ltr'><strong>coeunt</strong></span> <span class='ocrx_word' id='word_1_382' title='bbox 498 3625 556 3693; x_wconf 78' lang='lat' dir='ltr'><strong>ipso</strong></span> <span class='ocrx_word' id='word_1_383' title='bbox 579 3625 666 3680; x_wconf 80' lang='lat' dir='ltr'><strong>verbo</strong></span> <span class='ocrx_word' id='word_1_384' title='bbox 688 3624 816 3694; x_wconf 77' lang='lat' dir='ltr'><strong>magistri</strong></span> <span class='ocrx_word' id='word_1_385' title='bbox 838 3627 961 3694; x_wconf 86' lang='lat' dir='ltr'><strong>equitum</strong></span> <span class='ocrx_word' id='word_1_386' title='bbox 989 3631 1135 3701; x_wconf 77' lang='lat' dir='ltr'><strong>carthagi-</strong></span> 
     </span>
     <span class='ocr_line' id='line_1_40' title="bbox 151 3709 1136 3784; baseline 0.005 -19"><span class='ocrx_word' id='word_1_387' title='bbox 151 3711 253 3767; x_wconf 87' lang='lat' dir='ltr'><strong>niensis</strong></span> <span class='ocrx_word' id='word_1_388' title='bbox 267 3710 320 3764; x_wconf 91' lang='lat' dir='ltr'><strong>nou</strong></span> <span class='ocrx_word' id='word_1_389' title='bbox 332 3711 413 3784; x_wconf 82' lang='lat' dir='ltr'><strong>modo</strong></span> <span class='ocrx_word' id='word_1_390' title='bbox 427 3712 540 3776; x_wconf 76' lang='lat' dir='ltr'><strong>efferre,</strong></span> <span class='ocrx_word' id='word_1_391' title='bbox 565 3711 613 3764; x_wconf 90' lang='lat' dir='ltr'><strong>sed</strong></span> <span class='ocrx_word' id='word_1_392' title='bbox 626 3709 712 3764; x_wconf 87' lang='lat' dir='ltr'><strong>etiem</strong></span> <span class='ocrx_word' id='word_1_393' title='bbox 725 3727 837 3765; x_wconf 75' lang='lat' dir='ltr'><strong>seruere</strong></span> <span class='ocrx_word' id='word_1_394' title='bbox 852 3711 942 3766; x_wconf 79' lang='lat' dir='ltr'><strong>soluit</strong></span> <span class='ocrx_word' id='word_1_395' title='bbox 956 3715 1070 3770; x_wconf 84' lang='lat' dir='ltr'><strong>borbori</strong></span> <span class='ocrx_word' id='word_1_396' title='bbox 1083 3719 1136 3770; x_wconf 93' lang='lat' dir='ltr'><strong>ho-</strong></span> 
     </span>
     <span class='ocr_line' id='line_1_41' title="bbox 148 3794 665 3865; baseline -0.008 -13"><span class='ocrx_word' id='word_1_397' title='bbox 148 3798 229 3853; x_wconf 87' lang='lat' dir='ltr'><strong>minis</strong></span> <span class='ocrx_word' id='word_1_398' title='bbox 245 3798 394 3865; x_wconf 79' lang='lat' dir='ltr'><strong>loquelam.</strong></span> <span class='ocrx_word' id='word_1_399' title='bbox 662 3794 665 3805; x_wconf 75' lang='lat'><strong><em>¹</em></strong></span> 
     </span>
    </p>
   </div>
   <div class='ocr_carea' id='block_1_13' title="bbox 185 3885 1259 3987">
    <p class='ocr_par' dir='ltr' id='par_1_13' title="bbox 185 3885 1259 3987">
     <span class='ocr_line' id='line_1_42' title="bbox 185 3885 1259 3987; baseline 0.001 -19"><span class='ocrx_word' id='word_1_400' title='bbox 185 3916 396 3987; x_wconf 79' lang='lat' dir='ltr'><strong>Inscriptiones‚</strong></span> <span class='ocrx_word' id='word_1_401' title='bbox 413 3885 550 3982; x_wconf 82' lang='lat' dir='ltr'><strong>quseuon</strong></span> <span class='ocrx_word' id='word_1_402' title='bbox 571 3929 653 3967; x_wconf 86' lang='lat' dir='ltr'><strong>usum</strong></span> <span class='ocrx_word' id='word_1_403' title='bbox 669 3912 852 3983; x_wconf 75' lang='lat' dir='ltr'><strong>scriptorum,</strong></span> <span class='ocrx_word' id='word_1_404' title='bbox 872 3916 920 3981; x_wconf 76' lang='lat' dir='ltr'><strong>sed</strong></span> <span class='ocrx_word' id='word_1_405' title='bbox 934 3915 1071 3972; x_wconf 86' lang='lat' dir='ltr'><strong>inscitiam</strong></span> <span class='ocrx_word' id='word_1_406' title='bbox 1085 3935 1135 3970; x_wconf 84' lang='lat' dir='ltr'><strong>nr·</strong></span> <span class='ocrx_word' id='word_1_407' title='bbox 1175 3956 1177 3960; x_wconf 30' lang='lat'><strong>⁴</strong></span> <span class='ocrx_word' id='word_1_408' title='bbox 1255 3920 1259 3925; x_wconf 81' lang='grc'><strong>”</strong></span> 
     </span>
    </p>
   </div>
   <div class='ocr_carea' id='block_1_14' title="bbox 106 4000 1134 4167">
    <p class='ocr_par' dir='ltr' id='par_1_14' title="bbox 106 4000 1134 4167">
     <span class='ocr_line' id='line_1_43' title="bbox 150 4000 1134 4070; baseline -0.003 -13"><span class='ocrx_word' id='word_1_409' title='bbox 150 4002 258 4057; x_wconf 83' lang='lat' dir='ltr'><strong>tificum</strong></span> <span class='ocrx_word' id='word_1_410' title='bbox 283 4002 476 4070; x_wconf 79' lang='lat' dir='ltr'><strong>comprobant,</strong></span> <span class='ocrx_word' id='word_1_411' title='bbox 517 4005 624 4054; x_wconf 74' lang='lat' dir='ltr'><strong>exstans</strong></span> <span class='ocrx_word' id='word_1_412' title='bbox 647 4001 719 4069; x_wconf 79' lang='lat' dir='ltr'><strong>opud</strong></span> <span class='ocrx_word' id='word_1_413' title='bbox 751 4002 853 4055; x_wconf 75' lang='lat' dir='ltr'><strong>Mutat.</strong></span> <span class='ocrx_word' id='word_1_414' title='bbox 883 4000 991 4068; x_wconf 50' lang='lat'><strong>1721.</strong></span> <span class='ocrx_word' id='word_1_415' title='bbox 1026 4002 1134 4068; x_wconf 84' lang='lat' dir='ltr'><strong>(Orelli</strong></span> 
     </span>
     <span class='ocr_line' id='line_1_44' title="bbox 106 4085 1133 4167; baseline -0.002 -25"><span class='ocrx_word' id='word_1_416' title='bbox 106 4152 108 4155; x_wconf 23' lang='lat'>¹</span> <span class='ocrx_word' id='word_1_417' title='bbox 152 4105 180 4142; x_wconf 88' lang='lat' dir='ltr'><strong>n.</strong></span> <span class='ocrx_word' id='word_1_418' title='bbox 198 4085 287 4156; x_wconf 76' lang='lat'><strong>2446.)</strong></span> <span class='ocrx_word' id='word_1_419' title='bbox 311 4101 477 4141; x_wconf 79' lang='lat' dir='ltr'><strong>ssrnunuss</strong></span> <span class='ocrx_word' id='word_1_420' title='bbox 500 4101 622 4167; x_wconf 73' lang='lat' dir='ltr'><strong>suerrus</strong></span> <span class='ocrx_word' id='word_1_421' title='bbox 643 4102 754 4143; x_wconf 73' lang='lat' dir='ltr'><strong>neuros</strong></span> <span class='ocrx_word' id='word_1_422' title='bbox 769 4102 832 4143; x_wconf 78' lang='lat' dir='ltr'><strong>orvs</strong></span> <span class='ocrx_word' id='word_1_423' title='bbox 847 4102 909 4142; x_wconf 76' lang='lat' dir='ltr'><strong>ouo</strong></span> <span class='ocrx_word' id='word_1_424' title='bbox 925 4103 962 4142; x_wconf 80' lang='lat' dir='ltr'><strong>ns</strong></span> <span class='ocrx_word' id='word_1_425' title='bbox 980 4103 1066 4143; x_wconf 78' lang='lat' dir='ltr'><strong>orrsu</strong></span> <span class='ocrx_word' id='word_1_426' title='bbox 1081 4103 1133 4141; x_wconf 82' lang='lat' dir='ltr'><strong>sv-</strong></span> 
     </span>
    </p>
   </div>
   <div class='ocr_carea' id='block_1_15' title="bbox 0 0 1342 4770">
    <p class='ocr_par' dir='ltr' id='par_1_15' title="bbox 0 0 1342 4770">
     <span class='ocr_line' id='line_1_45' title="bbox 0 0 1342 4770; baseline 0 0"><span class='ocrx_word' id='word_1_427' title='bbox 0 0 1342 4770; x_wconf 95' lang='lat' dir='ltr'><strong> </strong></span> 
     </span>
    </p>
   </div>
  </div>
 </body>
</html>
