2632 4770
505 211 680 290 locove.
954 246 956 249 -
1053 217 1116 281 505
1158 202 1161 207 ’

78 370 279 424 monstrata:
295 382 395 449 ,saepe
410 363 505 426 ctiam
527 384 589 450 pro
605 364 657 451 itu
673 362 775 510 ucop'pii
792 373 918 449 potest:
940 364 1119 441 interdum,

82 447 136 508 ubi
156 445 287 508 additur
309 459 536 532 argumentum
554 448 603 513 rei
625 457 700 513 ente
747 447 847 528 i‘ctee,
871 448 1026 537 expliciti
1046 453 1122 515 licet

77 531 184 596 verbis
205 532 349 613 etenim,¹
368 554 463 598 nam.

182 651 239 706 cio.
261 651 295 704 cle
314 651 372 735 ΙῈῐιι.
391 650 533 720 2‚1o‚3t.
561 657 591 703 at
610 651 654 705 illc
673 650 765 719 pellit,
791 651 835 719 qui
857 655 998 721 permulcet
1018 617 1120 709 sensum

147 738 283 806 uoluptate.
305 738 417 811 'ltaque
439 733 573 806 Epicuros
591 752 687 805 semper
707 735 871 798 incutitur,
883 730 924 789 *ot
944 740 1048 805 probet,
1076 758 1120 792 co·

143 822 268 890 luptutem
282 829 380 877 notura
394 822 486 891 expeti.
521 816 634 873 Codices
645 819 757 887 ‘qnidam
774 819 939 874 substituunt
956 830 1039 888 atque.

160 959 191 1019 6.
219 947 262 1036 li,
276 955 343 1041 -qui
359 976 469 1019 rerum
488 952 852 1019 facturum-continuum
871 945 988 1019 seriem
1010 954 1119 1045 expo-

75 1049 176 1118 nunt,
198 1063 258 1128 per
272 1040 387 1127 itaque
402 1050 571 1104 transeunt
594 1038 632 1103 ad
655 1039 976 1141 ilissfl„,„qtl‚ltl,p⁴fl¹=¹0d
1000 1055 1054 1106 cut
1078 1066 1119 1109 ex
1201 1082 1204 1091 =

75 1123 1117 1273 ¹³¹¹⁰¹'ffi-Q023Qflnuuun‘stistinet

73 1208 130 1271 'ubi
149 1231 211 1273 nos
228 1233 264 1273 so
281 1233 351 1274 urin
395 1231 522 1274 scimus.
596 1232 625 1273 ic
643 1208 750 1281 utitem
769 1232 878 1273 rerum
894 1210 996 1274 n'eiius'
1008 1208 1132 1312 8τὲιὴὶ.

75 1295 214 1359 melicos
227 1316 266 1360 eo
282 1294 422 1374 induxit,
442 1305 477 1358 ut
493 1294 640 1359 dicerent
657 1293 830 1379 significari
871 1307 1037 1374 raeterea,
1058 1323 1116 1363 en-

76 1400 188 1465 super.
231 1383 425 1468 Saepissime
445 1382 547 1444 utitur
562 1379 627 1444 hoc
650 1379 810 1445 vocobuo
845 1402 926 1443 usin
952 1405 977 1444 s.
1028 1381 1093 1463 ''f'‘

138 1488 142 1499 ’
189 1500 246 1552 Cic.
264 1519 290 1567 p.
307 1500 410 1553 cluent.
428 1499 454 1564 8,
472 1499 515 1557 25.
537 1500 728 1568 quattuorviros,
747 1517 809 1568 quos
830 1500 970 1568 municipes
986 1505 1118 1566 fecerant,

143 1586 260 1636 sustulitc
276 1602 303 1636 se
314 1603 332 1637 a
346 1587 421 1653 Sylla
435 1594 458 1637 et
477 1586 542 1637 alios
555 1592 608 1636 tres
621 1591 756 1652 praeterea
766 1574 856 1649 ''factos
872 1575 925 1634 esse
941 1584 1023 1634 disits
1040 1591 1066 1635 et
1081 1587 1115 1636 ab

143 1670 230 1719 eadem
242 1670 291 1721 sili
304 1679 355 1722 esse
368 1671 529 1739 imperatum,
551 1674 582 1720 ut
596 1664 708 1719 Aurium
723 1667 815 1730 illum,
833 1667 876 1734 qui
898 1667 1052 1739 delationem
1070 1656 1119 1718 ric·

130 1754 221 1827 ¹minis
235 1761 259 1805 et
274 1753 368 1821 capitis
388 1755 529 1821 periculum
550 1758 692 1804 ostentarat
710 1759 734 1804 et
756 1752 868 1803 alterum
887 1748 999 1801 Aurium
1020 1751 1118 1803 eteius
1179 1798 1183 1807 ,

144 1839 172 1888 C.
181 1839 270 1902 filium
286 1865 319 1875 -
334 1838 527 1906 proscribendos
546 1836 781 1903 iuteiqiciendcsque
802 1842 915 1901 curaret.
951 1835 1042 1901 ltaque
1065 1834 1125 1886 illis¹

143 1921 313 1973 crudelissime
332 1921 474 1986 intersectis
489 1939 542 1973 non
559 1921 681 1987 mediocri
694 1921 725 1973 ab
744 1937 772 1971 ac
795 1920 873 1971 ceteri
884 1918 1077 1986 proscriptionis
1090 1923 1117 1971 et

141 2006 233 2061 mortis
244 1996 313 2057 metu
327 2007 500 2058 terrebantur.
560 2056 563 2075 ς

157 2140 189 2200 7.
214 2137 387 2200 Traiicitus
409 2137 445 2200 fit
461 2159 518 2224 pec
533 2138 726 2226 porticulum
744 2138 858 2224 itaque
871 2137 909 2203 ad
927 2137 1022 2201 aliam
1039 2157 1117 2199 sen-

75 2217 209 2311 tentium
224 2270 232 2305 ,
250 2232 353 2306 Diffi
370 2224 629 2287 antecedentibus
647 2223 719 2286 colli
746 2239 837 2287 umus
855 2211 1116 2320 coufs‘i'riitiiiffil‘:

75 2297 306 2397 mouisti-Qun
336 2294 505 2369 interdum
522 2311 624 2372 oratio
641 2297 729 2371 dii‘s'o
746 2301 1059 2388 uttt'i'si'vsd'e‘t‘tii,
1080 2329 1116 2371 m

76 2407 141 2472 qun
156 2380 355 2476 cogitatione
372 2392 545 2456 nectendus
562 2402 639 2456 scint
652 2388 722 2455 res.¹
801 2407 803 2411 “

189 2517 245 2570 (lic.
263 2534 293 2583 p.
311 2518 387 2570 (loci.
406 2518 433 2585 6,
449 2517 490 2570 14.
518 2521 595 2572 huius
616 2519 645 2570 in
670 2517 778 2585 mugnis
797 2516 907 2567 cateruis
930 2517 1070 2571 amicorum
1091 2521 1117 2573 ri

139 2603 195 2668 snit
209 2604 287 2654 etiom
307 2602 421 2667 Coelius,
439 2605 527 2672 magis
547 2612 602 2668 est,
618 2609 647 2654 nt
670 2601 725 2670 ipse
746 2600 851 2657 moleste
863 2601 937 2663 serat
959 2617 985 2652 se
1009 2617 1115 2667 masse,

142 2687 216 2736 sicuti
234 2703 422 2753 nonnumquam
438 2687 468 2738 in
484 2687 571 2741 eodem
594 2687 696 2739 homine
711 2700 749 2735 me
766 2699 862 2751 quoque
876 2682 971 2733 erroris
991 2685 1041 2734 mei
1053 2701 1116 2752 poe·

143 2771 223 2831 nitet,
242 2787 318 2837 quarn
333 2776 363 2836 qt
376 2772 449 2823 istius
464 2772 595 2822 amicitiae
609 2771 701 2821 crimen
719 2768 876 2837 regermiclet.
910 2765 1001 2832 ltaque
1020 2784 1037 2817 a
1057 2785 1116 2820 ma·

82 2846 84 2849 ¹
146 2853 243 2905 iedictis
254 2854 398 2922 pudicitiae
411 2857 446 2907 ad
460 2854 646 2906 coniurationia
662 2851 792 2917 inuidiam
807 2849 889 2902 oratio
904 2856 943 2900 est
965 2858 1047 2901 uestra
1071 2852 1116 2904 cle-

82 2930 85 2934 ’
140 2935 225 3003 lapsu.
246 2936 315 2987 lr.·e.
339 2954 409 3005 quse
425 2955 507 3004 quum
524 2936 565 2991 ito
580 2935 648 3000 sint,
667 2941 694 2987 ct
709 2926 792 3000 quum
810 2950 858 2986 vos
873 2932 1054 3001 cognoveritis
1066 2950 1115 2987 ve-

141 3024 198 3071 stro
213 3019 397 3086 impudicitiae
412 3023 560 3081 maledicto
574 3039 626 3074 non
640 3027 780 3082 constare,
797 3034 830 3070 ee
847 3016 993 3084 reliquistis
1011 3023 1039 3070 et
1060 3017 1116 3070 ori·

143 3102 217 3154 minu
238 3102 377 3156 intendere
400 3105 526 3174 coepistis
550 3103 766 3159 coniurationis.¹
787 3101 902 3168 Quintil.
923 3100 947 3164 9,
964 3100 1047 3163 4,16.
1068 3119 1116 3155 ex-

141 3186 236 3253 positis
252 3188 453 3255 compositionis
467 3189 613 3243 virtutibus
627 3186 723 3242 transit
738 3186 773 3239 nt
785 3186 1023 3239 demonstrandum
1039 3193 1116 3240 vete·

143 3286 204 3320 rum
225 3286 316 3341 nsunt:
341 3274 428 3339 itaque
452 3282 479 3326 ut
504 3276 624 3340 confiteor
643 3289 707 3341 pene
729 3272 848 3324 ultimam
865 3271 1008 3322 oratoribus
1032 3278 1116 3323 artem

142 3355 338 3423 compositionis,
354 3374 419 3424 quae
429 3363 545 3427 perfecta
561 3350 605 3421 sit,
624 3357 775 3426 contigisse,
795 3357 834 3408 ita
844 3357 897 3407 illis
915 3372 1012 3431 quoque
1024 3354 1115 3424 priscis

142 3437 261 3490 habitam
278 3439 343 3491 inter
363 3457 438 3492 curas
456 3469 486 3480 -
503 3447 575 3510 puto.

157 3591 189 3652 8.
214 3587 319 3652 Erunt
335 3587 494 3663 fortusse,
515 3592 571 3677 qui
589 3591 676 3655 hunc
698 3611 794 3654 usum
818 3600 938 3676 negent
957 3613 985 3678 8,
1014 3590 1020 3603 ’
1047 3591 1136 3669 quz⁴

75 3671 404 3818 &scipionibus
426 3674 526 3739 fuisse
546 3677 768 3763 incognitum,
794 3676 892 3761 idque
916 3671 1032 3762 exemp
1046 3676 1114 3740 ise
1138 3746 1141 3753 ¹

115 3767 180 3819 cuti
205 3760 383 3823 comoediis
400 3759 613 3848 [depromptis
645 3764 881 3825 demonstrent.
928 3761 1056 3824 Temen
1077 3759 1113 3823 in

75 3838 127 3902 his
143 3848 272 3926 quoque
289 3856 416 3909 inestet
434 3847 501 3910 itm
518 3846 633 3932 Neque
650 3848 737 3910 enim
753 3846 831 3910 illud
845 3846 907 3926 ita,
925 3845 1013 3931 quod
1031 3864 1113 3907 con-

75 3927 277 4010 sequentiam
299 3939 330 3992 et
354 3930 597 3995 conclusionem
621 3933 758 4006 indicat,
788 3933 856 3996 non
875 3931 1018 3995 admittit
1039 3950 1115 4015 que.

74 4007 235 4076 Dicebant
255 4011 355 4098 igitur
377 4027 500 4083 veteres
523 4017 628 4083 Latini
659 4017 773 4105 itaque
795 4038 860 4104 pro
880 4027 914 4082 et
937 4035 1038 4104 qurum
1059 4012 1113 4078 ita

788 4096 1134 4133 mmmmm*
