2632 4770
231 239 292 303 162
724 227 790 296 lBl.

233 391 286 456 sit.
330 386 403 454 Vid.
421 333 639 451 Lindemann.
654 381 695 447 de
711 381 874 449 Advarbio
892 383 1071 449 Commss.
1091 383 1180 471 pst.
1213 385 1274 466 Qui

236 486 346 540 autem
365 475 400 536 in
416 468 509 534 India
524 469 647 533 radices
671 468 847 535 verborum
871 466 1023 544 fodiunt,
1046 467 1275 538 iustrumenta·

235 561 277 624 lia
293 579 385 623 casua
403 553 549 619 formam
572 551 662 631 bats,
712 576 770 620 uae
787 564 835 619 eet
848 552 1004 641 pluralia,
1027 555 1128 619 etiam
1142 555 1187 620 ,ia
1213 557 1274 622 aia·

237 645 340 732 gulari
373 662 514 706 numero
553 578 728 726 aliquaolo
760 636 1055 727 usurpatum'ease
1093 637 1170 716 att,
1213 662 1273 722 auo,

237 729 327 817 quod
351 727 479 806 dieunt,
515 726 585 791 iure
609 724 833 803 contendunt,
872 735 969 809 atque
993 745 1039 788 ex
1063 721 1138 789 ὥΙιί
1157 724 1273 795 foetum

237 836 305 878 esse
328 810 377 876 ibi
403 812 622 896 auspicantur.
673 811 747 874 vid.
776 810 865 877 Max.
894 806 1068 874 Schmidtii
1091 810 1294 878 Commeat.-

239 900 278 964 de
293 897 496 962 Pronomine
517 918 549 981 p.
567 899 620 960 83.
664 894 726 960 Alii
740 905 854 961 tamen
877 894 911 959 iu
936 892 1152 980 propioribuu
1170 918 1208 963 re
1227 897 1270 962 io·

237 983 332 1049 nibus
357 983 559 1060 consistunt,
590 990 622 1045 et
651 1002 799 1067 graecam
835 980 1105 1044 terminationem
1142 921 1269 1059 loeillem

238 1094 275 1150 φι
289 1071 323 1132 in
336 1068 438 1131 latino
455 1064 489 1130 hi
501 1077 701 1152 ‘agnoscunt,
726 1077 822 1152 atque
837 1063 927 1129 alibi
941 1084 1019 1128 eum
1033 1084 1153 1149 graeco
1169 1065 1268 1149 ἔλλοψ

239 1151 428 1240 (dicendum
454 1160 524 1215 erat
553 1148 678 1232 ἅλληφι,
707 1162 745 1214 ut
767 1149 901 1235 ἑτέρηφι)
925 1161 1129 1236 comparant.
1173 1148 1269 1236 :Quoi

238 1251 326 1303 certe
348 1247 465 1301 nostro
489 1236 561 1299 usui
587 1238 740 1323 suppetit.
792 1236 953 1301 Perizouii
977 1235 1065 1298 euim
1085 1237 1279 1324 opinionem

238 1325 279 1390 ad
295 1325 416 1387 Sanctii
433 1322 573 1386 Minerv.
593 1327 625 1400 3,
644 1327 693 1394 14,
709 1325 761 1384 37.
783 1320 969 1406 prolatam,
992 1341 1059 1406 qua
1082 1320 1156 1386 iaba'
1177 1322 1211 1387 in
1229 1321 1268 1389 ili

237 1419 401 1476 mutatum
417 1429 486 1472 ease
500 1406 593 1484 dicit,
619 1406 674 1469 vix
690 1417 953 1471 commemoratu
969 1403 1101 1493 dignum
1119 1417 1266 1495 putamur.

237 1495 307 1559 Nee
329 1513 483 1558 mensure
508 1490 655 1556 vocabuli
679 1491 869 1578 suppeditat
899 1492 1003 1556 ullum
1032 1493 1278 1577 argumentatur,

238 1601 318 1644 nam
334 1593 480 1642 extrema
495 1576 619 1664 syllaba
634 1598 753 1664 auceps
774 1587 832 1642 eat.
874 1577 950 1644 Vid.
967 1575 1101 1658 Servius
1125 1579 1168 1644 ad
1182 1580 1277 1666 -llira¹

238 1667 319 1732 Aen.
337 1670 368 1744 l,
387 1667 457 1728 116.
1267 1670 1271 1675 ’

322 1787 559 1875 Estibiigitur
577 1786 610 1850 id
657 1786 723 1851 uod
745 1788 785 1851 in
806 1811 844 1853 eo
868 1790 951 1854 loeo.
994 1788 1127 1855 Etenim
1153 1808 1266 1879 prono-

238 1898 316 1942 men
334 1876 383 1953 ia,
405 1874 496 1959 quod
513 1873 608 1956 vulgo
633 1809 924 1938 llemonstrativum
949 1875 1134 1962 appellant,
1160 1897 1264 1965 pereo·

238 1983 317 2026 nam
340 1959 460 2022 indicat
483 1958 634 2034 tertiam,
667 1967 796 2022 etcum
820 1961 877 2047 qni
900 1962 1133 2041 coniunctum,
1153 1959 1267 2027 relativi

237 2071 253 2111 a
281 2044 382 2108 eciem
407 2042 524 2106 induit.
573 2041 837 2108 Demonstrativa
859 2067 937 2109 vero
966 2047 1032 2122 vis,
1055 2069 1073 2111 a
1098 2045 1268 2111 Schmidtiu

237 2069 372 2213 alliaque
385 2137 519 2212 negata,
538 2127 572 2189 in
589 2126 627 2189 iis
642 2127 775 2210 quidem
792 2129 991 2194 hauddubie
1018 2142 1177 2218 apparet,
1199 2151 1270 2218 quae
1288 2154 1292 2161 ·

238 2214 381 2298 aliquam
397 2234 468 2276 rem
484 2208 668 2275 absolutam
693 2213 855 2279 indicant:
883 2215 970 2300 quod
994 2218 1105 2281 multis
1121 2215 1270 2306 exemplu
1289 2286 1298 2299 ,

237 2296 382 2364 adverbii
411 2295 460 2362 ibi
484 2295 703 2362 demonstrari
727 2309 847 2386 potest.
903 2300 988 2364 Nam
1012 2314 1102 2367 reate
1127 2314 1271 2381 vocamus

234 2383 469 2473 pronominale
493 2381 693 2447 adverbium.
750 2383 949 2471 lotelligituv
976 2407 1052 2451 vero
1088 2370 1141 2454 vel
1170 2388 1286 2473 laeua,

235 2469 289 2540 ve'l
302 2481 453 2558 tempus,
472 2467 522 2534 vel
535 2469 607 2556 ipsa
624 2491 693 2550 res,
718 2491 802 2557 quae
817 2470 882 2534 loci
898 2471 1032 2537 nomine
1050 2470 1256 2562 significatur.
1288 2476 1291 2481 '

301 2608 345 2673 Ἰ.
379 2614 408 2672 1.
429 2608 576 2672 Primum
600 2608 700 2692 igitur
721 2609 933 2695 intelligimus
960 2609 998 2672 ia
1025 2632 1063 2674 eo
1088 2612 1181 2694 loco,
1212 2611 1275 2678 du-
1292 2618 1312 2697 ’ξ’

236 2693 355 2775 aelbat,
378 2691 468 2756 (lert.
512 2694 588 2757 Non
609 2715 686 2756 raro
712 2696 835 2758 nomen
853 2695 953 2779 ipsius
969 2693 1033 2758 loci
1050 2701 1277 2783 praemittitur,
1289 2694 1312 2757 l

235 2780 353 2865 idque,
380 2777 469 2863 quod
488 2776 529 2842 de
547 2798 585 2842 eo
608 2777 746 2860 dicitur,
766 2801 828 2865 per
843 2777 942 2845 verba
955 2790 1057 2868 atque
1080 2782 1150 2866 ibi,
1172 2795 1206 2851 et
1221 2783 1275 2866 ibi,
1302 2788 1312 2797 ’

235 2862 346 2952 ibique
361 2863 519 2927 adiicitur.

337 2984 428 3035 Ptaat.
443 2981 519 3047 Cept.
539 2979 565 3044 2,
580 2979 606 3044 2,
621 2979 647 3032 6.
662 2977 725 3049 (lo.)
742 2982 848 3036 taudem
870 2984 925 3037 atil
943 2988 979 3040 acl
996 2994 1151 3056 promerem.
1187 2987 1227 3039 tta·
1239 2986 1276 3039 oia
1304 3036 1307 3041 .

302 3068 426 3135 requievi,
451 3082 517 3133 rogo
537 3067 724 3134 syngrapham.
758 3065 831 3118 alain.
852 3067 878 3133 2,
895 3069 920 3134 1,
934 3069 960 3123 5.
986 3073 1029 3125 Ibi
1049 3081 1076 3125 tu
1099 3073 1135 3124 od
1156 3072 1205 3124 hoo
1227 3058 1276 3124 bibi

219 3165 222 3169 “
300 3158 398 3220 temper
412 3150 556 3201 dormitasti
571 3149 674 3227 tutatio.
703 3146 767 3226 Jiiv.
775 3147 820 3216 21,
837 3150 880 3217 48,
894 3153 919 3206 9.
937 3158 975 3208 itt
990 3174 1067 3224 qaam
1083 3155 1134 3208 vim
1143 3161 1279 3225 paraverit,
1306 3148 1312 3229 l

302 3251 359 3305 epea
373 3238 454 3302 facto
467 3233 628 3302 proditionis.
662 3233 750 3286 Varro
773 3235 807 3286 de
822 3237 853 3287 Ii.
868 3236 899 3291 la.
912 3239 939 3305 5,
952 3241 977 3293 3.
1002 3242 1228 3309 Ιιοο,εαονί[ἰοίιιιη
1242 3238 1281 3306 fit>
1305 3238 1312 3283 l

271 3324 273 3328 ’
300 3321 330 3372 in
352 3318 459 3370 Velabro
483 3344 516 3355 -
541 3319 577 3370 orl
597 3319 740 3386 repuleram
763 3321 862 3386 Accae,
882 3331 911 3377 at
933 3326 1000 3393 quod
1021 3325 1057 3378 itt
1075 3343 1154 3395 prope
1171 3325 1277 3392 sociant
1304 3290 1312 3377 l

300 3403 360 3455 Dua
383 3401 505 3454 Maniliae
526 3402 668 3456 serviliter
687 3405 834 3460 sacerdotes.
854 3406 873 3461 i.
889 3425 913 3461 e.
933 3408 961 3462 in
985 3408 1060 3462 illlua
1082 3407 1138 3460 loci
1163 3406 1277 3478 propia·
1292 3426 1311 3453 ··

301 3484 414 3554 quitate.
847 3504 849 3509 ·
1033 3488 1035 3491 ’
1132 3490 1134 3495 ’
1309 3492 1312 3499 “

334 3588 424 3641 Plaut.
439 3587 626 3654 Aa.1,1,104.
643 3605 682 3641 ar.
698 3590 796 3662 Nempe
809 3593 838 3644 ia
846 3591 932 3661 faro?
956 3607 1001 3644 uu.
1023 3595 1070 3648 Ibi.
1091 3595 1147 3648 cic.
1164 3595 1276 3650 ial'err.
1303 3634 1310 3641 -

301 3668 328 3736 4,
343 3670 386 3737 46,
402 3669 444 3725 94.
462 3674 581 3726 Herculia
598 3677 721 3743 templum
737 3685 774 3730 eet
796 3679 867 3745 apud
887 3678 1075 3746 Agrigentinos
1095 3697 1148 3733 aaa
1162 3682 1244 3751 longe
1257 3696 1275 3732 a
1307 3658 1312 3745 'j

293 3759 370 3823 soro,
390 3774 453 3810 eane
467 3766 584 3809 eoactum
599 3760 671 3826 opud
689 3760 746 3813 illua
759 3768 784 3814 et
798 3763 958 3832 religiosam
994 3763 1035 3816 lbi
1054 3770 1093 3819 eut
1111 3766 1141 3818 'eu
1160 3783 1224 3820 uere
1241 3766 1276 3819 ti·
1309 3788 1312 3799 ·

212 3866 214 3871 ·
266 3871 268 3877 ·
297 3842 443 3894 malueram
457 3842 536 3909 ipsine
553 3843 680 3894 Herculia.
774 3859 777 3873 ⁴
896 3853 900 3857 '

260 3944 263 3950 '
331 3941 446 3996 Terent.
459 3943 560 3994 fleant.
577 3943 602 4011 1,
617 3944 643 4010 l,
660 3942 703 3996 59.
729 3944 757 3995 ia
779 3946 868 3999 Avium
889 3947 950 3999 biae
970 3945 1023 4000 atta·
1043 3932 1151 4020 propter
1169 3911 1273 4023 puape-
1308 3914 1312 4041 l

293 4023 371 4090 rtem
392 4037 470 4096 atque
488 4026 615 4081 ibiaimal
626 4045 680 4082 rem
700 4034 725 4082 et
744 4029 962 4097 gloriantem&
983 4033 1045 4087 tatu
1068 4038 1179 4105 repperi.
1217 4037 1274 4092 (lie.
1308 4048 1312 4109 v·
