2632 4770
260 236 440 319 rninn.
484 233 717 322 trnrarvvs.
761 232 882 303 usu.
1033 249 1095 312 an

157 393 253 446 Vellei.
275 394 336 446 Pata
349 389 376 453 2,
390 388 433 453 211,
452 388 478 442 2.
511 388 614 454 itaque,
638 405 716 455 paam
737 388 774 440 ita
796 392 887 447 civitas
912 394 1005 450 datiae
1029 368 1097 453 data

122 487 186 533 esset
200 483 259 551 etc.»
287 476 329 527 Gt.
343 471 462 527 Miscell.
477 469 590 524 Observ.
607 470 686 524 'l'om⁸
701 470 726 523 8.
747 489 774 540 p.
787 472 830 527 44,
1043 490 1047 502 ,

140 601 172 687 ⁴¹)
194 603 220 664 A
237 597 377 662 librariis
397 617 472 658 cum
498 590 560 656 hac
577 614 655 656 voce
676 617 774 676 saepe
797 608 875 659 sunt
895 602 1124 675 commutatas

56 688 183 774 utique.
226 684 300 746 Vid.
319 682 422 746 Plaut.
447 679 563 751 111118,
585 679 701 757 1,195.
725 679 893 746 Drakenb.
917 687 956 746 ad
972 688 1048 752 'Liv
1065 695 1096 762 t,

56 777 158 853 28,8.
189 773 220 850 8,
238 774 288 846 13,
304 773 336 830 7.
368 763 803 852 atques'ldemad·5,21,
830 772 879 830 17.
922 770 983 833 ita.
1005 774 1097 837 Heu-

54 859 137 944 sing.
156 853 258 930 etalii
280 853 319 916 ad
337 848 413 927 Cic,
430 849 470 912 de
488 845 552 910 Off.
571 854 598 919 1,
616 854 647 925 2,
665 851 694 910 6.
718 853 748 928 3,
766 857 796 919 2,
812 856 842 916 3,
864 851 1031 919 Drakenb,
1055 860 1097 922 ,d
1169 848 1185 921 ’θ

55 944 123 1007 Liv.
155 944 208 1014 21,
233 944 294 1017 53,
316 941 347 1000 7.
389 934 508 1020 igitur.
530 931 664 1016 Zumpt.
697 931 736 995 ad
768 935 906 1014 Quintil.
933 943 963 1012 8,
988 943 1019 1022 lt,
1045 949 1097 1008 12,

30 1024 31 1028 ¹
54 1027 220 1092 Addidere
235 1022 349 1108 itaque
365 1041 459 1104 saepe
472 1017 651 1081 neeteadae
669 1018 831 1091 ¹orationis
856 1043 977 1088 caussa.
1025 1026 1096 1093 Vid.

51 1109 225 1178 Drakenb.
247 1109 287 1172 ad
303 1107 370 1172 biv.
385 1109 438 1184 27,
453 1108 506 1183 23,
522 1107 554 1167 7.
1087 1141 1089 1145 .

376 1264 771 1453 rrnnnuvs

144 1501 181 1564 in
206 1496 299 1578 novis
324 1493 389 1558 iltis
417 1488 601 1573 vocabulis,
629 1513 711 1576 quae
737 1502 904 1579 postrema
932 1496 1097 1567 latinitatis

59 1596 146 1651 netas
169 1580 407 1660 conformavit,
430 1589 522 1642 erant
545 1578 701 1663 quaedam
727 1600 803 1642 cum
826 1579 977 1646 adverbio
1002 1597 1098 1649 tenue

58 1670 252 1758 composita.
294 1665 453 1731 Dicebant
469 1663 556 1728 anim
574 1662 758 1726 adeoteaue
778 1673 810 1727 et
828 1665 988 1732 itatenus.
1080 1733 1089 1753 .

163 1786 328 1845 Claudianus
346 1784 502 1846 Mamertus,
519 1782 635 1850 scriptor
649 1764 752 1835 saeculi
768 1783 984 1840 Christianorum
998 1789 1097 1856 quarti,

126 1875 161 1925 de
178 1873 257 1925 Statu
269 1869 380 1923 *animae
403 1867 429 1930 2,
446 1865 487 1918 10.
501 1866 570 1932 (11.)
589 1869 687 1934 ducque
708 1869 757 1918 ieta
778 1871 888 1921 itatenus
908 1873 1051 1933 uniantur,
1070 1882 1099 1927 ut
1121 1865 1124 1870 ¹

126 1958 224 2023 sititet
237 1954 340 2024 negotia
356 1959 381 2004 et
395 1969 468 2003 sensu
484 1957 509 2001 et
524 1953 596 2003 aerbo
610 1952 835 2005 indiscriminalia.
851 1953 917 2005 »unt
930 1954 990 2005 vide
1000 1958 1098 2009 Barth.

125 2039 210 2104 213.
226 2057 293 2091 sana
306 2037 397 2106 quippe
412 2036 553 2088 catholicae
562 2037 629 2103 fidei
639 2036 758 2088 doctrina
772 2035 885 2090 itatenus
899 2039 1016 2091 interrito
1030 2058 1098 2108 gra·
1210 2036 1243 2082 .'
1301 2034 1303 2038 ’

126 2127 164 2177 du
185 2125 218 2175 ab
243 2122 353 2174 instead
374 2121 476 2182 media,
500 2137 518 2171 a
543 2121 631 2173 mediis
653 2120 690 2171 ad
709 2137 809 2175 sumam
827 2124 989 2186 conscendit,
1014 2131 1044 2176 ut
1064 2139 1112 2174 -ψ
1135 2157 1143 2163 -

50 2255 62 2263 ‚s
127 2210 156 2258 ia
168 2205 381 2260 tertiamcaelnm
399 2204 475 2257 Paeti
491 2204 651 2273 pedissequae
663 2205 762 2274 mptaa

474 2364 768 2493 tanm.'

146 2575 222 2654 Quo
240 2574 343 2638 modo
357 2592 446 2638 ITEM
468 2593 508 2636 ex
526 2594 560 2635 ea
580 2572 700 2656 stirpe,
726 2571 777 2634 cui
793 2571 833 2653 ie,
859 2572 921 2653 ita,
940 2572 1032 2639 idem
1048 2600 1098 2640 asa
1146 2633 1150 2641 .

59 2661 280 2743 signavimus,
302 2668 501 2746 prognatum
517 2659 576 2732 sit,
598 2656 662 2719 iam
685 2678 718 2743 p.
734 2658 807 2721 467.
836 2662 1021 2745 expositum
1038 2671 1098 2725 est.

68 2745 201 2830 Syllaba
218 2749 391 2810 tamenim
408 2742 573 2806 accusativi
591 2753 637 2805 est
653 2741 761 2806 forma
776 2743 810 2805 in
832 2746 1100 2810 terminationem
1209 2784 1212 2793 =

66 2830 210 2893 adverbii
229 2830 389 2893 adhibita:
414 2828 452 2893 de
469 2848 530 2914 qua
552 2827 652 2891 Tam.
671 2833 698 2891 1.
719 2851 752 2914 p.
770 2828 844 2892 559.
873 2829 951 2891 dixi.
995 2830 1100 2896 Reddi
1183 2821 1190 2828 ⁵
1292 2896 1308 2921 f

64 2925 174 3002 potest
197 2917 265 2978 eius
289 2915 338 2978 vis
368 2936 428 3002 per
456 2914 604 2977 voculam
635 2910 732 2986 eden,
765 2922 801 2974 ut
831 2913 912 2976 item
942 2913 1129 3001 significet'

60 2998 145 3063 eben
160 3023 217 3062 eo.-
240 3000 332 3064 sicuti
347 3009 463 3063 cratem
480 3008 527 3062 est
544 2997 701 3084 dagegea
722 2995 812 3060 eben.
843 2999 935 3078 Quae
952 2999 1101 3064 Lisehius

63 3086 98 3146 in
115 3084 217 3147 Iahnii
231 3084 346 3148 Annei.
364 3084 464 3148 Tam.
483 3090 531 3148 11.
548 3107 578 3169 p.
597 3089 648 3147 26.
663 3083 823 3161 disseruit,
839 3094 877 3145 ut
892 3083 1107 3151 demonstra-f

62 3180 117 3230 ret
138 3168 197 3231 hac
211 3170 338 3256 ›syliaba
360 3166 593 3255 superlativum
617 3169 824 3254 pronominis
847 3168 1041 3256 significari,
1063 3190 1100 3234 ea
1122 3200 1124 3204 ’

62 3274 107 3315 ne
122 3254 230 3341 specie
246 3253 379 3338 quidem
396 3255 537 3343 veritatis
553 3251 663 3316 fallere
680 3263 828 3338 possunt.
949 3273 951 3276 ’

172 3369 344 3426 Caninim'et
358 3374 457 3426 Petrus
471 3371 620 3425 Nunnesius
635 3374 697 3425 item
715 3371 894 3441 opinabantur
907 3389 956 3438 per
975 3375 1101 3438 transpa-

130 3454 256 3507 sitionem
271 3457 426 3508 litterarum
441 3457 543 3509 iactum
558 3474 616 3510 esse
639 3474 672 3508 er
688 3453 738 3509 iu.
770 3456 855 3508 Gerh.
878 3455 987 3528 Vossius
1003 3456 1049 3508 vei
1065 3457 1118 3509 air

129 3543 169 3594 ita
186 3540 365 3592 derivandum
382 3540 510 3607 putabat,
532 3542 577 3592 vel
593 3546 682 3593 ortum
701 3557 734 3592 er
756 3541 844 3593 itidem
869 3547 918 3606 per
939 3558 1102 3609 syncopeme
1161 3587 1163 3592 ,

130 3643 213 3692 quam
229 3624 391 3678 sententiam
406 3642 516 3690 rursus,
535 3631 672 3694 tamquam
685 3639 800 3687 novam,
820 3625 959 3690 proposuit
976 3627 1103 3678 Hartun-
1161 3678 1164 3685 Δ

128 3707 194 3776 gius
209 3711 241 3762 de
256 3710 387 3763 Particul.
402 3725 496 3778 graec.
519 3709 600 3761 Tam.
613 3711 637 3760 l.
658 3729 683 3777 p.
699 3707 757 3762 157.
782 3725 826 3760 me
848 3708 947 3761 acriter
970 3709 1103 3775 perstrin-

134 3809 216 3859 gens,
235 3794 311 3861 qrrasi
333 3795 404 3847 hanc
426 3792 635 3864 originationem
657 3792 832 3846 rescivissem
853 3802 880 3847 et
902 3802 950 3845 tem
965 3811 1026 3844 cum
1046 3795 1105 3845 dem

131 3874 229 3928 inscite
254 3876 491 3930 commiscuissem.
525 3883 561 3930 at
577 3894 665 3931 meam
682 3869 842 3947 senteutiam
863 3875 1017 3935 etiamnunc
1037 3868 1104 3943 piro-

129 3957 177 4011 tra.
211 3959 280 4011 Nam
293 3963 414 4029 syllabae
426 3950 522 4016 temet
540 3964 599 4014 dem
613 3961 692 4014 nnius
715 3966 776 4014 sunt
802 3962 911 4032 generis
934 3967 961 4013 et
982 3958 1104 4020 rationis,

128 4050 160 4095 et
173 4048 333 4111 potestatem
348 4047 450 4102 habeut
464 4045 647 4101 dictinctionis
659 4044 908 4111 demonstrativam,
925 4043 1103 4115 quemadmo-
