2632 4770
482 256 661 339 rrstr.
1029 210 1092 324 soe
1188 219 1189 222 Ὺ

122 417 192 486 Quia
204 416 273 468 idem
288 411 407 480 faciebat
421 411 528 464 Hecuba
544 412 612 481 priori
627 417 656 462 tn
672 426 740 461 nuuc
750 411 843 477 focis:
861 411 948 464 omniu
961 414 1032 464 mate
1050 413 1094 465 in-

119 503 241 574 gerebat,
260 512 405 566 quemqueru
418 505 562 566 repererat.
596 497 687 562 Itaque
706 494 771 546 adse
787 495 843 548 inre
855 505 944 566 sceptu
965 499 1096 566 appellari

26 610 28 614 ’
120 585 255 640 octennis.
288 581 400 650 Frogm.
424 581 496 650 apud
516 581 589 632 Getl.
613 579 639 642 3,
657 578 683 631 3.
707 580 791 646 itaque
812 580 874 637 arten
893 581 948 633 inus
964 582 1095 651 oppletum

121 678 160 724 est
181 669 304 737 oppidum
326 667 438 719 retortis.
470 664 582 739 Terent.
605 663 674 714 fleo.
695 661 722 725 2,
739 662 772 726 ’1,
790 661 817 714 3.
845 664 932 731 itaque
952 667 1018 718 odeo
1040 683 1094 718 uno

120 756 204 808 anime
218 769 308 804 omnes
319 767 407 803 socrus
419 750 530 803 oderunt
545 764 635 799 nurus.
1200 754 1202 761 “

139 881 189 942 18.
210 862 362 938 Notunds
378 881 424 936 est
440 872 537 935 etium
550 869 663 933 formu
676 868 843 942 orationis,
865 870 898 933 in
918 890 981 953 qun
997 892 1095 954 prse-

53 964 155 1029 misso
188 962 302 1045 itaque
334 957 498 1045 expositio
526 956 580 1019 'rei
598 952 647 1016 -fit
676 976 737 1042 per
776 953 1105 1047 porticulusst'qgtugu,

53 1049 154 1130 sium,
176 1047 219 1108 si.

157 1159 277 1224 mett,
293 1159 335 1223 16,
354 1157 379 1213 5.
398 1160 484 1228 itaque
500 1175 577 1227 quum
587 1175 636 1227 per
655 1155 797 1208 Cosilinum
812 1159 919 1217 euadere
940 1175 992 1210 non
1011 1166 1096 1227 posset

122 1256 175 1304 ete.
209 1245 304 1300 lustin.
325 1242 453 1308 36,1,4.
479 1245 564 1313 itaque
587 1252 665 1311 quum
688 1249 713 1292 et
737 1242 893 1292 Parthorum
914 1249 937 1292 ct
956 1243 1097 1311 ulyssaea-

70 1328 72 1330 *
104 1352 181 1388 ·sum
197 1358 232 1369 -
248 1329 352 1381 auxiliis
368 1329 504 1381 iuvaretur
521 1334 575 1391 ete.
607 1326 653 1394 22,
669 1323 695 1391 8,
710 1322 735 1375 8.
761 1342 839 1392 quum
857 1326 944 1393 nuque
965 1328 994 1378 in
1014 1310 1099 1387 eostre
1167 1322 1169 1327 ⁴
1256 1364 1258 1373 .

120 1421 237 1488 fugisset
253 1421 305 1465 cte.
330 1486 333 1491 Ι

164 1523 247 1572 Vnrro
265 1516 298 1567 de
317 1516 359 1566 Ro
373 1531 396 1566 r.
411 1513 442 1576 1,
451 1513 477 1577 2,
493 1513 535 1566 12.
554 1515 642 1581 itaque
655 1514 716 1565 dnm
735 1513 763 1564 isi
777 1498 978 1564 nobiseum‘enu
989 1511 1097 1564 uideatis

128 1614 180 1658 ete.
216 1600 334 1654 Ptinedr.
347 1600 373 1664 1,
389 1599 433 1666 st,
446 1596 472 1651 ἵ.
488 1601 575 1667 inque
591 1615 684 1651 curum
699 1599 760 1650 sium
779 1597 889 1649 custodit
903 1602 955 1649 ete.

162 1707 248 1756 Varro
267 1704 299 1755 de
313 1705 355 1755 Re
376 1720 401 1754 r.
419 1701 445 1766 1,
460 1702 486 1767 2,
502 1701 527 1754 2.
552 1702 637 1769 itaque
652 1703 675 1752 si
689 1703 800 1765 ito-est,
817 1709 846 1753 ut
865 1699 977 1762 annisis,
1000 1677 1099 1750 morere

128 1792 256 1842 nobiscnm
272 1793 379 1855 eportet.

147 1917 197 1976 19.
222 1910 365 1977 Multum
382 1907 700 1992 estugrsmmeticis
724 1906 764 1971 de
811 1906 939 1984 o'siture
1000 1909 1101 1972 rticu-
1178 1840 1300 1969 a&

63 1997 114 2060 ise
138 1997 350 2081 disputatum.
406 1993 485 2057 Vide
517 1994 664 2079 Zumptii
695 1931 1099 2080 Gruinii'ssffpffffl,

62 2082 262 2146 Boettieheri
292 2080 399 2155 Leuis.
425 2077 530 2143 Tacit.
555 2101 588 2165 p.
606 2081 679 2143 237.
706 2078 885 2163 -Equidem
912 2089 1101 2143 ostentum

64 2189 246 2252 exponam,
263 2188 345 2250 quse
361 2166 431 2249 ipse
446 2164 562 2227 inveni.
588 2166 696 2248 ¹Atque
704 2164 818 2227 Cicero
838 2175 868 2226 et
880 2165 997 2228 Caesar
1011 2187 1100 2228 sem-

64 2275 127 2339 per
150 2261 333 2336 posuerunt
351 2250 542 2335 porticulum
561 2247 594 2310 iu
613 2249 705 2313 initio
732 2251 973 2314 enuntiationis.
1013 2250 1099 2313 Nem

64 2337 157 2423 quod
175 2338 206 2398 in
224 2336 333 2398 Partis.
349 2345 430 2397 orst.
445 2339 476 2412 7,
491 2338 545 2397 23.
572 2332 690 2416 legitur
713 2344 763 2397 est
783 2335 914 2420 itaque,
938 2334 1034 2399 dubio
1052 2345 1100 2400 est

64 2425 226 2499 scriptura
245 2419 320 2482 eiius
337 2418 380 2483 ob
394 2440 527 2490 euuseus,
546 2427 582 2480 ut
595 2421 659 2482 ium
678 2420 803 2481 monui.
824 2419 860 2489 tn
873 2420 953 2482 Phil.
971 2425 1001 2496 7,
1018 2428 1048 2496 3,
1066 2425 1098 2484 8.

67 2510 182 2592 itaque
199 2528 263 2590 ego
278 2503 345 2576 iile,
369 2506 562 2602 qnisemper·
572 2502 677 2588 pacis
690 2492 876 2589 nstetorfin'
889 2504 1005 2590 cuique
1014 2528 1101 2591 pax,

64 2594 271 2678 praesertim
286 2589 405 2668 civilis,
425 2609 627 2675 quemquem
643 2585 914 2661 omnibns'bonis,
934 2589 1102 2654 tamenin

63 2676 189 2763 primis
220 2672 296 2761 fnit
325 2672 506 2760 optabilis.-
549 2696 646 2736 emese
680 2673 771 2736 enim
809 2674 1011 2738 curriculum
1043 2676 1110 2738 in-·¹

69 2761 222 2824 ductrice
236 2771 375 2825 nestrae
391 2761 427 2822 in
434 2756 536 2846 soro,
558 2758 596 2823 in
617 2758 727 2839 osirin,
753 2759 790 2821 s‘n
806 2759 991 2847 u'mieornm
1004 2759 1102 2844 peri-

68 2846 153 2908 eulis
173 2843 418 2930 propulsandis
435 2842 645 2923 eleboratum
667 2853 734 2909 est:
759 2842 839 2908 ltine
859 2845 1001 2909 leunores
1024 2866 1103 2909 nm·

62 2931 259 3019 piissimos,
286 2930 366 2994 ltine
389 2922 798 3014 mediocrss³opes,'leine
821 2928 1045 3014 dignitatem,
1070 2929 1102 2993 si
1140 2956 1143 2965 ·

70 3014 370 3102 permisissemus,
401 3015 593 3101 consequuti
613 3036 746 3087 sumus:
770 3032 833 3100 ego
855 3015 970 3101 itaque
988 3015 1102 3101 pacis,

69 3111 107 3163 ut
119 3101 169 3163 itn
187 3099 312 3173 dicam,
331 3099 485 3181 alumnus
504 3110 571 3175 ete.¹
598 3100 656 3162 Hie
675 3099 788 3184 itaque
806 3101 907 3163 vicem
925 3099 1102 3186 praestaret

71 3186 162 3248 verbi
184 3184 293 3269 igitur
322 3183 356 3247 io
385 3185 532 3251 erutione
561 3193 635 3270 post
660 3183 868 3269 parenthesin
895 3185 1102 3248 restituenda.

70 3271 114 3331 At
133 3268 238 3331 codex
254 3268 531 3335 vatiesnm⁵hsber
545 3269 672 3355 igitur.-
695 3269 783 3353 quod
802 3268 946 3332 Oreliius
969 3292 1009 3332 ne
1033 3292 1104 3333 rne-

70 3354 214 3417 morevit
229 3353 373 3437 quidem.
415 3352 520 3440 Atque
535 3354 580 3418 ite
596 3353 725 3438 scripsit
742 3355 875 3418 Cicero:
896 3355 954 3418 sed
972 3355 1104 3431 librarii,

70 3439 128 3526 qui
146 3437 338 3502 vocobulum
356 3434 470 3524 itaque
483 3461 581 3525 supro
596 3437 719 3501 dietum
734 3437 788 3503 hie
807 3438 924 3504 iterum
948 3461 1016 3503 esse
1041 3461 1106 3526 po-

70 3524 214 3587 nendum
234 3525 516 3604 existimaverunt,
537 3525 623 3588 idem
642 3523 886 3589 substituerunt.
921 3524 1001 3588 Livii
1016 3534 1105 3588 tem·
1174 3545 1176 3549 ’

72 3630 174 3693 pore,
207 3610 360 3681 primarie
388 3606 622 3693 significatione
654 3607 855 3685 oblitterato,
886 3619 917 3671 et
948 3610 1105 3695 portionis

73 3714 135 3776 pro
160 3690 268 3778 igitur
290 3716 362 3756 eece
387 3690 436 3771 tis,
468 3695 643 3781 scriptores
665 3691 752 3757 houd
781 3696 1010 3759 contemnendi
1033 3718 1106 3759 eum
1196 3725 1198 3729 ⁷

72 3780 217 3840 seeundo
234 3777 308 3841 loco
327 3717 384 3843 rei
400 3779 497 3842 tertio
521 3801 644 3865 ponere
667 3788 915 3844 consueverunt.
958 3779 1010 3845 Cf.
1035 3781 1105 3844 Bo-

72 3860 154 3924 schii
169 3861 273 3924 Prsef.
291 3864 324 3926 in
340 3863 519 3949 Antholog.
536 3887 642 3953 greco.
661 3858 761 3929 Tem.
776 3867 805 3929 4.
824 3888 858 3953 p.
876 3866 907 3929 5.

174 3980 292 4032 Pinneus
307 3983 342 4034 ud
362 3984 420 4055 Gis.
437 3983 480 4050 lt),
496 3981 577 4056 15,2ι
596 3984 713 4053 tuamque
734 3984 845 4037 assiduis
865 3983 1028 4037 internuntiis
1046 4000 1103 4035 cum
1211 4038 1214 4044 ,

141 4064 240 4131 Lepido
255 4064 316 4135 egi,
330 4072 358 4118 ut
374 4093 408 4108 —
425 4070 554 4123 communi
567 4070 671 4126 consilio
690 4069 730 4122 rei
747 4069 865 4138 publicos
881 4073 1054 4130 succenseret,
1070 4094 1104 4105 -
