2632 4770
85 161 92 203 l

193 259 258 326 892
402 242 408 250 ’
437 278 443 296 ·
648 244 799 314 turen.

198 432 236 477 es
254 405 559 495 complectebatur,
582 386 734 486 quue‘vel
755 419 830 483 erge
846 396 975 496 sliquos
992 397 1043 463 rel
1062 421 1178 465 eorem
1197 403 1260 470 eli-

199 496 319 585 quibus
336 495 387 581 agi
411 491 615 556 dicebantur.
659 487 728 550 Nec
751 495 882 548 tentum
906 484 1080 565 adsentire,
1102 488 1159 551 sed
1177 491 1262 554 sub·
1297 536 1306 557 .

198 582 341 648 stantius
371 579 469 644 etiem
494 575 582 640 breui
606 573 641 638 in
665 572 816 636 oratione
842 591 918 632 cum
950 573 1199 659 praepositione
1231 577 1268 641 et'¹

111 697 114 705 ¹
157 714 160 721 -
200 667 265 734 ulio
298 666 436 731 nomine
462 661 728 742 coniunguntur,
761 668 798 720 ut
828 655 1029 737 declaretur,
1063 661 1150 745 opud
1178 683 1263 750 quos

202 752 284 843 quid
305 752 413 842 ulique
428 771 480 813 res
496 746 603 811 velent
619 744 669 810 uel
686 743 821 833 pollent.
867 740 966 808 Conf.
987 764 1022 807 n.
1043 748 1093 810 tu.

304 870 366 926 Isiu.
380 867 425 936 211,
439 866 466 932 2,
481 867 525 924 11.
543 882 608 936 ergo
620 864 750 932 offecisse,
773 865 910 928 triformes
925 871 949 915 et
962 864 1072 934 inquieti
1086 865 1155 918 inter
1174 869 1264 933 socios,

271 955 366 1028 ignom
382 962 406 1010 et
422 953 537 1008 imbelles
558 951 624 1006 intes
640 950 725 1006 tosus
745 955 835 1005 esseut
854 947 1103 1019 hseesespondent
1124 951 1176 1017 iis,
1195 970 1266 1019 qnne
1285 1018 1287 1021 .

166 1078 169 1095 -.
249 1032 250 1037 ’
271 1047 336 1098 nuto
352 1039 505 1097 dictasunt
526 1033 637 1088 (letires
657 1034 727 1087 trevi
749 1035 869 1101 effecisse
886 1034 1028 1109 disciplina
1049 1044 1126 1107 utque
1145 1039 1264 1109 imperio,

271 1136 302 1183 nt
319 1152 354 1168 -
368 1121 501 1195 praesidio
516 1120 609 1187 soniis,
628 1119 743 1174 hostibus
760 1119 852 1175 terrori
867 1127 957 1174 essent.
1026 1143 1027 1146 ¹
1159 1125 1161 1128 '

309 1228 367 1285 cte,
381 1226 416 1281 ad
432 1226 512 1282 Fam.
527 1222 572 1287 13,
587 1221 632 1285 81,
647 1219 673 1275 3.
691 1221 739 1275 tibi
752 1223 864 1291 offirmo
881 1250 916 1263 -
935 1231 962 1276 te
973 1241 1004 1276 es
1020 1223 1079 1276 Caii
1093 1223 1184 1278 Flavii
1206 1231 1266 1295 offi-

273 1315 313 1369 oio
328 1321 354 1371 et
370 1308 532 1368 observantia
551 1315 579 1376 et,
593 1312 729 1382 praetereo
752 1309 888 1376 splendore
911 1316 987 1380 utque
1008 1308 1073 1363 inter
1095 1327 1155 1365 snos
1176 1316 1267 1387 gratio

122 1452 129 1459 ,
181 1407 185 1417 '
227 1418 229 1423 ·
275 1415 405 1471 mquam
420 1395 579 1464 voluptutem
595 1407 647 1444 esse
665 1399 812 1460 captorum.

306 1493 510 1565 1111115.
528 1495 566 1550 M.
590 1493 666 1551 Fabii
687 1495 824 1559 Ambusti,
841 1493 951 1564 potentis
970 1495 1020 1547 oiri
1041 1513 1120 1564 quom
1142 1497 1210 1551 inter
1229 1502 1267 1554 sni

263 1583 391 1654 'eorporis
406 1583 538 1646 lsomt'ues,
555 1586 611 1633 tom
633 1580 714 1632 etiam
736 1581 901 1650 sipisim,
919 1605 954 1620 -
971 1581 1049 1647 filiae
1069 1583 1138 1634 ‹looe
1161 1595 1268 1654 nuptae.

278 1671 392 1727 sueton.
409 1667 488 1722 coes.
505 1665 531 1719 o.
550 1663 661 1739 (reges)
677 1664 721 1735 osi
734 1664 875 1738 plurimum
890 1665 957 1721 inter
971 1666 1088 1723 homiues
1098 1669 1207 1743 pollent.

294 1827 328 1889 9.
348 1823 402 1888 Ex
417 1820 468 1888 his
486 1816 581 1883 focile
598 1815 785 1904 colligitur,
804 1806 873 1904 ¹quo
889 1817 992 1883 modo
1016 1820 1107 1888 inter
1126 1822 1270 1889 circum-

212 1910 367 1975 stantiam
382 1929 496 1972 rerum
513 1905 661 1970 denotet.
704 1900 743 1968 td
759 1923 837 1967 sero
858 1925 961 1990 quum
978 1890 1278 1995 plerumqffifi'm

159 2000 167 2023 '
213 1993 540 2083 t‘i'ffipoiii'ii‘otlone
564 1992 780 2057 coniunctum
800 1991 862 2068 sit,
893 2010 991 2056 usum
1023 1990 1266 2066 demonstrabi-

121 2138 127 2147 .
213 2079 411 2162 mosinius,
433 2075 567 2173 quondo
584 2073 626 2143 nd
643 2084 777 2166 tempus
792 2077 1051 2166 pervenerimus.

303 2238 354 2300 10.
394 2229 459 2298 Sed
479 2199 595 2298 ‘redeo
628 2224 668 2294 nd
698 2228 878 2315 singulares
907 2230 1066 2316 quosdam
1101 2232 1274 2302 dictiones.

215 2319 314 2389 Inter
329 2319 420 2391 vius,
445 2315 537 2403 quod
552 2316 702 2382 Donatus
722 2317 760 2380 ed
780 2315 918 2380 Terent.
933 2317 1018 2381 Eun.
1034 2321 1066 2394 4,
1082 2323 1114 2396 2,
1130 2326 1159 2383 1.
1173 2317 1274 2408 fign-

214 2412 518 2473 meusnetuooom
534 2401 697 2491 appellnt,
721 2402 877 2466 omnibns
894 2404 1101 2490 temporibus
1121 2427 1275 2471 commu-

215 2513 260 2561 ue
278 2493 408 2559 1111111111
423 2488 545 2569 luisse,
566 2489 649 2556 etin
666 2489 792 2576 vulgari
816 2510 972 2553 sermone
986 2501 1111 2556 natum.
1156 2492 1217 2554 Est
1237 2494 1275 2558 de

218 2578 373 2647 olentibus
413 2598 454 2644 ro
477 2576 515 2641 in
533 2573 609 2640 vio.-
630 2585 835 2660 unterwegs.
878 2575 951 2639 Alio
973 2598 1068 2641 sensu
1091 2577 1276 2647 dixitSue·

216 2665 329 2732 tonius
343 2599 469 2733 inloto
484 2682 584 2752 supro
607 2681 640 2724 n.
658 2662 688 2725 5.
704 2660 802 2727 eltuto
826 2660 914 2726 Cnes
931 2664 985 2726 39.

320 2781 489 2839 11111111.
504 2780 531 2844 ἓ,
545 2777 571 2844 8,
586 2778 612 2833 u.
633 2779 725 2833 deiude
741 2787 845 2847 egomet
865 2794 966 2839 meeum
990 2781 1108 2848 cogitare
1130 2783 1200 2834 inter
1221 2785 1277 2837 sios

285 2870 379 2940 cerepi.
414 2869 499 2921 Puer.
521 2862 554 2928 it,
568 2862 601 2926 ὃ,
615 2859 658 2916 43.
682 2869 710 2916 ut
731 2880 763 2915 us
779 2864 846 2919 iuter
861 2865 918 2915 vies
930 2866 1155 2931 praeterbitamus,
1182 2878 1278 2921 metuo.

289 2955 403 3009 Terent.
423 2953 493 3005 Eun.
513 2946 541 3012 4,
555 2947 582 3012 2,
597 2947 623 3003 1.
649 2948 711 3002 dum
734 2963 778 2997 rus
799 2963 845 3014 eo,
872 2947 943 3015 coepi
966 2955 1069 3020 egomet
1093 2965 1192 3002 meeum
1215 2955 1279 3010 ium

286 3038 347 3093 sios
364 3056 399 3078 *-
416 3037 498 3091 oliam
514 3049 569 3090 sem
585 3049 616 3088 es
629 3031 685 3086 atto
703 3031 828 3098 cogitare.

323 3137 404 3205 Apud
418 3135 473 3191 cio.
490 3133 525 3189 1111
542 3134 598 3188 nte.
612 3129 639 3197 4,
653 3132 678 3188 t.
695 3133 780 3200 vulgo
797 3130 917 3201 legttnss
934 3132 958 3186 st
973 3151 999 3185 se
1013 3135 1083 3189 intes
1105 3135 1176 3186 niam
1200 3139 1278 3191 obto-

288 3222 363 3287 lerit,
381 3220 490 3272 oeoismn
509 3217 544 3268 iri
559 3218 591 3283 ot
608 3219 663 3286 ipso
677 3217 776 3270 Milone
791 3220 875 3275 video.
909 3219 988 3270 Haec
1011 3236 1045 3270 ne
1063 3218 1151 3271 lutino
1169 3222 1279 3288 quidem

288 3303 424 3356 sidentur.
466 3301 655 3358 Emenderunt
677 3303 839 3369 intervias,
872 3301 922 3359 alii
946 3301 1036 3361 aliter.
1079 3305 1157 3362 Libri
1183 3308 1279 3378 scripti

289 3384 435 3444 nihilium
449 3387 594 3461 praebent.
628 3413 630 3417 v
1302 3389 1308 3398 '

306 3544 358 3608 11.
381 3537 478 3607 Ister
523 3562 563 3604 ro
589 3540 685 3608 intro
705 3541 805 3608 etiem
826 3540 867 3606 de
886 3542 963 3606 loeo
987 3543 1138 3633 usurpari
1163 3543 1297 3614 obser·¹

120 3670 199 3746 ml
220 3636 338 3692 uerunt
355 3563 763 3695 Fr‘slffpffiffffizius
787 3629 828 3692 nd
855 3628 984 3694 Sallust.
1007 3628 1076 3715 Ing.
1095 3634 1154 3707 93,
1172 3635 1203 3693 8.
1228 3629 1281 3692 di·

34 3654 83 3788 e(
104 3716 112 3752 ¹
212 3711 361 3799 ¹stinguit
376 3712 410 3777 in
426 3710 516 3778 huno
535 3712 696 3781 modum:
720 3714 811 3791 iuter
827 3714 866 3778 de
882 3737 918 3777 re
935 3715 1010 3793 dici,
1033 3737 1116 3801 quae
1133 3715 1173 3778 ab
1192 3724 1283 3778 utra-

134 3814 138 3826 ⁴
222 3817 287 3884 que
303 3808 397 3889 porte
416 3809 603 3866 coercetur:
627 3799 723 3868 intro
747 3811 857 3863 autem
881 3800 921 3863 de
938 3823 972 3863 re
993 3803 1139 3888 undique
1164 3801 1283 3878 clausu.

103 3950 112 3965 .
222 3883 296 3949 Hoc
325 3883 471 3970 quidem·
488 3905 620 3951 verume
641 3883 724 3951 illud
746 3897 857 3949 tamen
883 3885 1025 3951 nimium
1048 3898 1283 3952 1011111110-

225 3969 367 4037 tionem.
409 3971 496 4034 Nam
523 3970 613 4035 inter
629 3971 746 4037 uineas
772 3981 820 4035 est
846 3969 886 4034 od
907 3973 1033 4052 vinens,
1055 3973 1143 4066 apud
1163 3975 1285 4040 vinens.

175 4074 178 4079 ·
223 4054 345 4126 Poetis
362 4066 473 4129 sutem
488 4053 605 4146 iners,
628 4056 686 4146 qui
702 4050 794 4135 inter
815 4079 877 4149 pro
894 4057 990 4128 intro
1007 4068 1185 4149 ponerent.
1285 4115 1289 4119 .
