2632 4770
535 172 625 293 Ibat
742 270 744 277 -
1036 193 1098 300 ιιι

51 383 202 451 sonantis
216 401 340 449 sonum
355 378 510 448 transiret
529 389 561 446 et
576 379 610 445 in
628 377 823 468 quibusdam
838 381 1007 450 uocabulis
1024 407 1100 454 am-

52 472 192 560 bignum
213 490 313 534 usum
332 467 479 535 haberet.
523 464 622 532 Conf.
646 466 839 533 Schneideri
862 470 1044 538 Grammat.
1067 480 1101 539 1.
1153 496 1161 514 ι

58 580 93 657 p.
105 557 179 622 285.
222 556 335 635 Quare
347 552 639 642 praetermittenda
655 553 716 619 erit
733 554 848 641 opinio
861 554 1019 632 Poimen,
1042 558 1101 645 qni

51 664 88 711 m
108 640 267 740 spicileg.
300 663 335 728 p.
359 643 433 703 747.
463 639 594 704 Gruter.
615 660 676 713 ne,
709 640 832 720 nteit,
861 639 971 707 invitis
994 642 1100 709 Musis
1156 676 1159 683 ¹

53 729 125 793 iam
137 749 175 791 m
194 726 275 791 duas
291 723 438 813 syllabas
452 723 697 804 distraheretur,
718 723 927 789 scribendum
945 748 1015 793 esse
1029 729 1101 794 exi·

51 812 212 887 elimabat
225 811 336 890 inme,
360 809 640 897 quemadmodum
657 820 782 874 veteres
803 810 964 875 dixissent
987 836 1190 895 ncmssffl

48 898 73 963 -8
98 896 190 962 llnba
220 918 280 961 am
326 917 426 981 quam
450 895 695 961 Lindemannus
720 895 760 959 de
780 895 944 961 Aduerbio
961 902 992 962 3.
1013 922 1049 986 p.
1066 903 1101 964 7.

48 983 80 1051 in
107 1006 126 1047 e
152 990 262 1047 ustum
277 980 467 1046 adverbium
484 980 646 1068 appellat,
667 979 736 1045 aliis
759 981 889 1046 videtur
911 1004 981 1048 esse
1003 1005 1102 1050 aecu-

14 1134 17 1139 ,
48 1069 191 1142 satirus,
215 1067 310 1132 sicuti
337 1065 442 1129 multa
467 1064 620 1130 adverbia
638 1065 671 1129 in
695 1063 880 1131 formandis
908 1068 1100 1135 nominibus

50 1152 204 1219 adbibita
226 1154 301 1217 sint.
339 1149 378 1215 Id
399 1151 528 1235 negavit
544 1148 730 1215 Schmidius
746 1151 782 1215 in
808 1151 895 1216 libro
918 1152 959 1219 de
972 1155 1103 1220 Prono·

34 1240 144 1305 anino
193 1241 275 1303 .89.
290 1248 323 1299 et
339 1240 409 1316 96„
436 1235 493 1300 ubi
514 1237 683 1302 contendit
704 1234 856 1302 feminini
880 1240 1007 1323 generis
1027 1239 1102 1307 for-

10 1390 13 1397 ,
48 1344 160 1391 masa
184 1324 380 1389 iectivorum
397 1330 454 1385 aut
475 1343 570 1400 raro,
592 1331 649 1385 aut
667 1341 852 1408 numquam
871 1323 1017 1388 induisse
1039 1324 1105 1391 ad-

51 1408 249 1475 verbiorum
268 1418 435 1471 naturams
459 1427 560 1492 quare
575 1407 646 1494 ipse
670 1405 711 1470 ad
735 1430 807 1471 eam
834 1408 1027 1495 opinionem
1045 1433 1103 1477 re-

56 1493 164 1582 fugit,
180 1503 221 1558 ιιι
236 1494 270 1558 in
287 1492 377 1569 iam,
398 1502 473 1555 tam
487 1502 619 1581 aquae
633 1501 710 1555 sunt
725 1491 853 1573 similia,
876 1491 1000 1559 dativos
1019 1518 1103 1582 pro-

60 1580 232 1645 nominum
249 1575 415 1643 obsoletos
432 1578 567 1663 agnosci
584 1577 702 1641 debere
725 1576 829 1643 dicat:
851 1578 887 1643 in
911 1578 1104 1647 Gothorum

60 1664 145 1731 mim
167 1664 282 1751 lingua
312 1663 401 1728 etin
432 1662 579 1727 lithuana
606 1662 752 1727 dativum
775 1663 918 1751 exprimi
943 1666 1104 1733 termina-

59 1750 147 1817 tione
160 1771 281 1815 ammo
303 1758 334 1811 et
353 1770 430 1828 cm,
452 1747 667 1835 eamdemque
690 1746 839 1813 formam
861 1751 959 1815 etiam
982 1751 1103 1819 latinae

60 1834 101 1903 lib
148 1857 188 1901 ae
202 1834 376 1925 propriam
392 1832 474 1899 olim
488 1832 607 1912 fuisse,
626 1831 733 1898 sedin
778 1834 865 1899 aucis
885 1845 1016 1901 tantum
1042 1834 1103 1903 ad-

57 1941 111 1988 ver
132 1922 173 1987 iis
189 1930 350 1986 servatam
368 1938 449 1985 esse.
492 1918 607 2005 Neque
623 1918 717 1997 aliter
780 1918 928 1985 iillnerus
954 1921 995 1987 d'a
1010 1921 1104 1989 Casi-

57 2004 175 2095 buap.
185 2010 261 2072 211.
303 2007 345 2069 At
360 2014 398 2069 ut
418 2026 477 2069 am
492 2003 636 2069 dativum
651 2004 791 2069 latinum
806 2004 887 2071 olim
911 2003 1009 2073 fuisse
1027 2030 1105 2074 cen-

64 2112 207 2174 seamus,
237 2088 393 2189 profecto
417 2111 588 2167 necessum
610 2091 690 2174 erit,
732 2100 768 2155 ut
797 2090 945 2180 analogia
972 2095 1009 2159 in
1032 2092 1104 2181 ipsa

10 2256 13 2261 Ι
65 2178 170 2264 lingua
191 2176 295 2241 latina
319 2197 390 2241 non
411 2197 550 2274 prorsus
572 2174 791 2243 desideratura
813 2177 959 2265 alioquin
980 2176 1105 2263 frustra

10 2264 23 2341 ζ
70 2282 253 2360 quaeremus
266 2262 447 2348 vestigium
463 2260 583 2348 linguis
602 2261 725 2337 alienis.
769 2258 1002 2333 Formationes
1014 2264 1105 2329 enim

10 2344 29 2455 3
72 2348 180 2413 aniles
205 2357 237 2412 et
261 2347 410 2432 aequales
432 2366 528 2432 saepe
551 2345 586 2409 in
608 2346 721 2417 mauis
742 2346 862 2433 linguis
882 2350 1105 2436 reperiuntur,

76 2454 143 2519 quae
156 2433 219 2498 nisi
239 2431 425 2519 analogiam
439 2430 620 2516 legitimam
642 2430 782 2511 habent,
809 2433 966 2519 singulari
988 2455 1106 2499 exem-

98 2518 205 2583 lonon
243 2518 344 2583 oterit
360 2527 486 2580 novum
509 2538 611 2603 genus
637 2517 802 2581 constitui.
844 2516 953 2582 Dativi
976 2517 1106 2587 formae
1186 2526 1189 2532 '

82 2604 152 2667 1'us
165 2540 255 2668 nulla
274 2602 396 2667 indicia
420 2611 580 2687 apparent
604 2601 640 2665 in
654 2600 755 2666 latina
776 2600 908 2687 lingua,
927 2612 960 2667 et
980 2603 1008 2668 si
1032 2605 1106 2691 quia

84 2706 142 2752 eum
155 2686 305 2753 scheidio
322 2686 410 2751 dicat
425 2697 499 2750 tam
518 2707 589 2751 esse
609 2685 815 2751 decurtatum
838 2699 956 2769 tama,
978 2710 1017 2755 eo
1036 2709 1107 2756 non

86 2770 316 2852 demonstrabit,
336 2771 455 2837 latinae
468 2770 600 2859 linguae
614 2794 683 2837 esse
697 2771 843 2837 dativum
867 2771 903 2837 in
926 2794 1009 2839 amc
1033 2774 1108 2840 for-

86 2857 231 2925 mandum.
281 2856 354 2943 Ego
374 2854 508 2943 quidem
531 2858 576 2922 ita
599 2857 640 2922 dc
661 2857 724 2922 bac
751 2878 788 2921 re
818 2858 937 2924 sentio.
978 2860 1107 2925 Adver-

87 2938 139 3023 bia,
156 2966 238 3031 quae
252 2963 366 3008 rerum
389 2939 615 3009 conditionem
642 2952 674 3008 et
701 2941 890 3030 qualitatem
914 2943 1107 3042 significant,

10 3100 13 3105 ,
87 3023 337 3113 bssformantur
359 3048 420 3091 suo
448 3026 571 3105 modo,
594 3025 651 3093 sed
674 3049 773 3115 saepe
796 3027 832 3091 in
857 3028 1108 3095 similitudinem

10 3148 17 3187 ;
43 3112 47 3129 “
87 3115 248 3181 nominum.
298 3113 410 3192 Quare
434 3113 683 3177 terminationes
710 3134 787 3190 um,
814 3136 891 3189 ιιηι,
923 3112 972 3179 im
1003 3137 1107 3201 quum

88 3201 261 3267 masatiros
294 3218 365 3264 esse
395 3198 530 3276 dixero,
570 3197 768 3275 adverbiales
795 3198 1042 3265 terminationes
1071 3200 1108 3275 in

87 3284 202 3351 nodum
224 3282 396 3361 accuratim
419 3282 579 3355 formatas
611 3282 819 3349 intellexero.
870 3284 926 3349 Sic
952 3284 1108 3351 dicuntur

188 3418 201 3453 ,
222 3368 335 3455 clam,
353 3389 563 3455 perperam,
576 3379 683 3448 ψη,
699 3390 821 3455 quam,
844 3392 946 3445 nam,
971 3371 1008 3435 in
1030 3371 1109 3457 qui-

80 3369 296 3521 mmibus
317 3462 409 3519 recte
432 3454 605 3525 statuimus
626 3474 685 3519 om
705 3474 774 3518 esse
797 3451 1015 3521 adverbialem
1038 3469 1108 3520 ter-

10 3595 14 3641 :
81 3539 282 3609 minationem
297 3536 333 3603 in
347 3534 488 3605 mddum
505 3540 678 3615 accusativi
690 3536 823 3605 factam.

10 3646 17 3733 l
82 3776 88 3794 1
147 3691 412 3775 Fundamentum
441 3688 684 3781 sigpificalio''
708 3712 902 3778 quaeramus
921 3692 957 3758 in
982 3690 1110 3780 syllaba

74 3803 104 3861 ι,
128 3798 211 3866 quae
238 3778 355 3846 eadem
380 3802 421 3867 ap
448 3790 644 3856 aretinis,
673 3776 784 3858 idem,
812 3776 877 3860 ibi,
906 3778 970 3843 ita.
1021 3778 1109 3842 Haec

72 3864 178 3930 omnia
191 3860 316 3930 habent
333 3858 399 3927 vim
417 3800 518 3929 delini
531 3864 636 3953 imm·
659 3885 741 3948 quae
764 3865 799 3927 in
822 3887 857 3928 se
878 3864 995 3950 recipit
1019 3862 1110 3926 rela-

69 3952 169 4019 tiv'am
196 3972 269 4016 eam
291 3971 326 4013 ra
344 3970 473 4026 ionem,
506 3972 569 4037 qua
594 3949 715 4034 aliquid
746 3948 787 4013 ad
815 3950 1040 4036 praedicatum
1064 3948 1110 4011 ita

67 4032 229 4121 refertur,
253 4045 291 4102 ut
306 4033 406 4103 verba
420 4031 452 4101 is
465 4070 509 4087 --
523 4035 597 4129 qui.
618 4033 667 4101 ibi
680 4070 723 4088 -
738 4029 797 4100 abi
819 4045 930 4101 totum
951 4029 1108 4100 iudicium
