2632 4770
198 231 260 298 sas
540 216 712 288 runnu.
753 183 899 280 tux‘rn}

103 402 106 407 ·
203 383 283 449 dem
299 375 436 467 propria
456 372 640 462 sigulfioare
660 369 833 437 similiter
863 368 984 436 obeunt.
1027 370 1147 455 Atque
1174 369 1261 434 inve-

181 448 343 547 'ernntur
359 463 445 539 looi,
468 462 503 526 in
521 459 640 544 quibas
654 478 698 523 ne
709 455 957 521 similitudinem
974 455 1051 542 ipso
1074 455 1149 518 hoo
1168 476 1262 520 roon-

206 552 287 618 bulo
312 568 501 633 expressam
518 555 690 631 putemus,
711 533 941 628 interpreta‘tio
966 540 1169 606 declarabit.
1214 539 1263 604 In-

205 637 337 702 terdum
362 643 473 696 tamen
497 629 671 716 aequalitas
693 649 761 690 non
787 638 923 715 apparet
947 627 982 690 in
1006 626 1015 688 i
1042 649 1080 690 su
1109 648 1154 691 re
1189 639 1263 705 aeto,

207 742 291 812 quae
305 729 433 784 tantum
448 716 563 780 similis
581 723 636 779 aut
648 712 882 805 etiamdiversa
899 733 968 778 esso
984 649 1136 795 videtur,
1158 713 1219 778 sed
1236 714 1262 778 iu

209 803 381 874 eommuui
399 803 537 889 quadam
555 800 684 865 ratione
704 800 783 863 eius.

309 922 399 977 Plout.
414 920 514 975 Pseud.
534 920 561 986 1,
576 919 603 984 3,
617 915 677 971 148.
703 918 826 971 esoasobo
849 909 900 986 ogo
919 915 993 968 illum
1007 906 1157 997 similiter?
1175 912 1263 969 ‘itidem

276 1016 307 1062 ut
320 1023 474 1059 muraenam
487 988 569 1057 eoem.
603 1002 727 1057 Pertinet
745 1002 793 1055 bie
807 1003 884 1055 locus
907 999 941 1052 ad
964 1016 1028 1064 eos,
1045 1017 1122 1067 quos
1139 1016 1173 1052 n.
1186 1000 1214 1052 2.
1231 1008 1262 1054 at·

277 1089 349 1144 tulis
368 1091 416 1142 sed
440 1090 590 1145 Pseudolus
613 1074 788 1158 negligenter
810 1085 938 1153 loquitur.
972 1084 1086 1136 Terent.
1105 1084 1185 1136 Hoc.
1203 1084 1260 1149 3,1,

277 1173 323 1227 81.
340 1175 430 1228 itidem
452 1175 515 1227 illae
534 1175 653 1226 mulieres
673 1162 750 1236 suot,
768 1177 854 1240 ferme
880 1178 909 1223 ut
923 1173 1015 1239 pueri,
1048 1169 1102 1220 leui
1130 1172 1261 1224 sententio.

277 1259 315 1311 At
327 1256 543 1328 interpungenda
560 1263 621 1310 suut
635 1257 722 1309 verbs
736 1254 792 1310 tta:
813 1254 904 1329 itidem
919 1255 980 1307 illue
989 1253 1121 1307 ‘mulieres
1139 1263 1206 1307 sunt
1215 1259 1262 1322 ser·

276 1359 333 1407 sne,
352 1350 382 1394 ot
396 1336 488 1410 pueri,
507 1343 558 1395 levi
572 1342 712 1394 sententio.

314 1443 370 1503 Cic.
386 1445 418 1496 de
440 1442 502 1496 Nat.
529 1445 556 1496 d.
572 1440 718 1523 3,24‚1,62.
747 1449 872 1495 exsectum
889 1460 906 1494 a
920 1442 981 1509 filio
1000 1440 1132 1508 Caelum,
1163 1443 1261 1498 vinetus

199 1550 229 1600 .'
280 1529 368 1582 itidem
388 1530 479 1596 ofilio
498 1531 651 1601 Saturnum.
688 1529 720 1581 ln
735 1527 780 1580 bis
797 1529 889 1580 itidem
904 1526 1024 1594 pertinet
1040 1525 1076 1578 nd
1085 1527 1200 1594 filium.

297 1667 347 1727 to.
371 1661 460 1726 Item
479 1662 535 1733 uni
554 1662 714 1726 vocabulo
732 1661 895 1726 adiectum
912 1684 975 1750 pro
992 1684 1126 1749 qrtoque
1150 1664 1217 1728 diei
1239 1675 1263 1730 et

211 1747 249 1813 ln
264 1747 500 1835 coniungendis
515 1748 683 1816 sententiis
701 1747 850 1834 usurpari
865 1747 989 1812 solebat
1005 1748 1097 1828 (vide
1111 1770 1151 1836 p.
1162 1753 1262 1832 518.):

164 1824 169 1835 ¹
237 1832 303 1897 uod
320 1832 461 1901 alienum
478 1832 607 1902 videtur
624 1832 665 1896 ab
684 1833 815 1898 itidem.
859 1831 984 1897 Dubito
1000 1833 1124 1910 etium,
1152 1858 1197 1901 en
1215 1837 1264 1902 iti-

212 1854 291 1983 dem
311 1940 374 2005 pro
394 1919 517 1981 iterum
532 1919 595 1995 dici
612 1920 737 2005 possit,
759 1917 849 2005 quod
866 1919 948 1983 item
960 1940 1035 1983 'esse
1052 1919 1174 1985 debet.

315 2037 430 2102 niam,
449 2028 493 2102 16,
507 2038 536 2091 L
552 2040 638 2090 attero
660 2038 750 2092 itidem
772 2051 813 2090 res
834 2028 914 2108 proris
936 2052 1014 2106 oeque
1040 2039 1126 2108 longo
1152 2042 1263 2112 neglecto

281 2123 383 2175 silentio
403 2124 489 2182 relatu
503 2138 521 2173 o
539 2120 576 2173 M.
596 2114 699 2173 Valerio
716 2122 829 2182 Laevino
852 2128 899 2174 est.
935 2120 989 2174 Sed
1013 2122 1130 2176 codices
1160 2125 1264 2193 plurimi

280 2215 309 2261 ot
322 2188 418 2271 obtimi
433 2205 620 2273 praebuerunt
635 2207 723 2257 altero
739 2207 801 2257 item
818 2223 867 2273 res,
901 2207 933 2257 ln
953 2205 1121 2275 quibusdum
1146 2210 1265 2265 editioni

171 2341 172 2344 ,
281 2288 332 2342 bus
341 2287 466 2342 Caesaris
482 2290 513 2340 B.
521 2289 591 2358 gall.
601 2289 627 2352 1,
634 2286 678 2359 36,
696 2288 800 2357 legitur
814 2288 903 2343 itidem
914 2290 1196 2360 populumromouum
1204 2298 1265 2349 sistit

225 2370 239 2445 Ἰ
281 2392 330 2425 oon
354 2376 389 2427 od
413 2374 519 2427 alterius
536 2378 728 2446 praescriptum
751 2399 786 2412 -
810 2374 938 2443 imperare
961 2391 1104 2431 eomuesse.
1130 2398 1188 2449 pro
1209 2383 1266 2435 iton

280 2457 348 2509 vite
367 2458 598 2531 Oudendorpinm.

161 2564 163 2569 '
232 2589 252 2631 ‘.
317 2560 415 2612 Horat.
423 2561 509 2631 Epist.
517 2562 543 2626 2,
551 2559 626 2626 1‚45.
646 2562 793 2631 caudaeque
800 2563 867 2632 pilos
880 2570 909 2615 ut
927 2581 1034 2630 equinae
1039 2556 1195 2632 paullatim
1204 2570 1268 2632 aelio,

284 2649 311 2696 et
328 2645 400 2695 demo
414 2663 503 2716 unum,
519 2647 591 2718 demo
603 2647 680 2699 etium
695 2666 784 2720 unum.
813 2647 872 2698 Non
885 2655 960 2698 recte
976 2646 1015 2698 ito
1029 2647 1087 2700 diei
1104 2653 1268 2706 ostendimus

285 2727 365 2779 Totis.
375 2729 400 2780 2.
420 2716 577 2796 p.55ll.sed
594 2731 757 2782 debebamus
773 2731 857 2791 etiam
870 2748 990 2795 mouere,
1011 2749 1064 2783 non
1078 2734 1184 2802 itidem,
1206 2739 1268 2804 quod

281 2808 340 2863 Fon
360 2809 388 2865 in
412 2813 515 2873 duobus
531 2812 611 2879 lib-ris
634 2813 753 2880 invenit,
775 2817 822 2868 sed
843 2817 961 2879 etitem,
984 2816 1056 2884 quod
1071 2817 1227 2874 Bentleius
1243 2840 1269 2874 on

284 2893 346 2948 aliis
360 2895 441 2950 libris
456 2894 592 2966 restituit,
612 2915 671 2951 esse
686 2901 926 2968 comprobandum.

299 3031 332 3114 *)
365 3032 448 3094 Cum
480 3030 572 3097 idem
605 3031 728 3097 librarii
763 3045 1009 3100 commutarunt
1033 3035 1175 3109 itidem.
1220 3045 1269 3111 vd.

218 3113 284 3179 Cio.
309 3116 349 3180 de
365 3117 437 3196 niv,
456 3121 486 3197 1,
502 3117 603 3199 8,.1t.
626 3117 795 3205 Drakenb.
814 3123 854 3186 ad
869 3122 939 3187 Liv.
957 3127 1010 3204 29,
1028 3129 1080 3204 16,
1101 3131 1132 3193 1'.

614 3290 854 3428 stTn

300 3497 412 3566 ivm
435 3522 475 3567 ex
497 3527 535 3569 eo
555 3527 672 3592 genere
698 3519 764 3590 est,
788 3511 875 3595 quod
901 3512 996 3578 verba
1020 3513 1123 3600 iugo,
1142 3516 1266 3603 iringo,

120 3661 123 3665 Ι
183 3647 193 3653 ,
217 3579 326 3662 iubeo,
347 3585 411 3667 ius,
425 3589 558 3655 *iustum
574 3594 837 3679 comprehendit,
861 3620 943 3683 quae
961 3602 1073 3663 omniu
1094 3603 1268 3669 notionem

215 3667 340 3768 ligandi
359 3672 426 3736 sive
442 3675 607 3761 obligandi
626 3679 658 3741 in
676 3703 709 3742 se
728 3680 860 3745 habent.
907 3683 960 3748 Ab.
973 3684 1056 3770 iugo
1074 3685 1145 3763 fieri
1165 3688 1267 3752 debe·

216 3751 275 3852 bat
290 3767 435 3839 suetum,
458 3761 516 3824 sed
530 3762 732 3828 inserebatur
748 3767 854 3830 littera
878 3791 912 3838 s,
935 3792 1047 3834 neseio
1074 3795 1119 3837 an
1144 3776 1267 3839 vocali-

217 3848 293 3903 tans
318 3861 438 3905 caussa.
489 3845 651 3910 Dixerunt
684 3851 772 3914 enim
805 3853 912 3917 Latini
945 3877 1041 3918 sexus
1071 3879 1135 3942 pro
1161 3884 1266 3926 secur.

217 3924 362 4010 Scaliger
386 3923 427 3988 od
451 3928 568 3993 Catull.
585 3933 695 3997 Carm.
722 3937 761 4000 de
785 3935 890 4000 Coma
908 3937 1024 4003 Beren.
1048 3962 1078 4004 v.
1098 3948 1152 4010 66.
1188 3948 1267 4027 „iu-

216 4019 421 4087 novatores
448 4013 723 4100 pronuntiabant,
756 4043 819 4108 pro
848 4043 915 4108 quo
945 4025 1056 4091 neseio
1083 4045 1164 4115 squo
1200 4032 1267 4097 fato
