2632 4770
124 288 187 351 ⁶00
556 254 747 327 MAXIME·

129 430 279 497 nurxime
297 428 331 487 io
347 440 449 484 unum
464 412 659 481 vocabulum
675 406 958 488 coniungerentur,
975 400 1107 495 unique
1122 422 1180 463 ac-

133 514 241 581 centui
258 506 550 574 submitterentur.¹
570 496 665 562 Nam
690 511 758 577 quo
780 498 876 583 paeto
897 484 1119 582 Spaldingrus
1140 484 1179 546 ad

64 626 67 631 ·
135 596 275 681 Quintil.
291 600 323 670 6,
340 600 369 668 1,
388 596 440 653 23.
464 586 641 673 ellipticam
656 588 806 640 naturam
822 572 916 635 horus
933 570 1109 633 dictionis.
1123 593 1181 632 ne-

137 684 278 771 gaverit,
309 678 341 741 id
366 684 523 760 exputare
553 688 621 732 non
651 680 799 750 possum.
852 656 971 753 Seneup
995 676 1101 727 vero,
1127 655 1183 739 qui

138 774 241 843 irre-t,
265 764 347 827 redit
362 773 394 824 et
411 759 451 821 ad
470 758 656 819 distinctam
676 748 721 810 rei
738 754 826 808 actae
841 740 1071 803 definitionem
1093 750 1126 801 et
1143 740 1182 801 ad

141 852 413 919 affirmationem:
445 862 521 905 nam
553 835 751 921 exprimitur
779 826 848 891 fieri
871 836 927 887 aut
953 824 1080 888 saetam
1112 847 1182 888 rem

142 962 211 1005 ease
228 957 266 996 eo
283 932 406 999 modo,
429 948 494 1012 quo
516 924 657 986 maxime
677 916 731 979 fiat
751 923 806 974 aut
829 910 915 973 iacta
937 912 989 974 ait.
1030 909 1184 974 Relatira

141 1026 221 1089 haee
240 1020 350 1085 forma
369 1015 437 1077 sere
452 1008 535 1073 nihil
551 1005 636 1071 aliud
652 998 840 1070 constituit,
862 1016 961 1092 quam
980 996 1096 1080 ipsam
1118 1017 1182 1058 no·

142 1111 267 1172 tionem
284 1098 434 1165 vocabuli
451 1094 613 1163 maxime,
634 1095 664 1179 et
688 1102 788 1167 quum
809 1102 958 1145 maxime
982 1101 1089 1165 eaepe
1113 1102 1185 1145 nou

145 1192 260 1257 differt
277 1188 316 1251 ab
332 1184 498 1260 maxime,
518 1178 577 1241 nisi
591 1189 710 1234 merore
730 1165 868 1250 quadam
887 1167 935 1243 ri,
958 1186 1064 1251 quam
1085 1166 1185 1231 etiam

145 1276 243 1342 rerba
260 1292 361 1357 quam
378 1267 525 1331 maxime
538 1256 664 1323 habent.
706 1250 814 1315 Veluti
833 1271 934 1335 quum
948 1250 1109 1314 maxime
1126 1274 1185 1314 ρο.

146 1364 192 1428 lo.
237 1356 418 1442 Temporis
435 1352 515 1416 fario
532 1337 669 1415 aceedit,
694 1348 726 1398 et
745 1335 925 1423 plurimum
940 1335 1037 1399 ratet.
1087 1336 1184 1416 Qua·

146 1470 185 1515 re
209 1444 264 1507 ubi
290 1464 327 1505 ea
350 1440 388 1503 ad
421 1448 561 1525 praesens
593 1424 752 1494 refertur,
790 1420 920 1483 additor
946 1442 1060 1484 nune.-
1094 1444 1185 1503 pune
1221 1424 1224 1505 j

192 1552 249 1593 „m
271 1526 428 1591 maxime,
468 1510 527 1577 sed
554 1509 707 1592 quoniam
732 1504 785 1583 id,
816 1504 905 1591 quod
933 1504 967 1567 in
993 1508 1184 1592 praesentia

151 1624 285 1705 apparet
337 1612 410 1675 Μή,
430 1608 474 1665 eat
495 1594 675 1657 distinctius
704 1591 901 1669 monstrari,
929 1591 1043 1654 omitti
1071 1602 1184 1677 potest

296 1662 306 1711 ἶ
367 1678 540 1753 'Germani
565 1677 645 1742 eben
668 1675 779 1739 dieunt
804 1697 867 1761 pro
892 1671 971 1737 edere
993 1675 1076 1752 ieet.
1121 1682 1182 1740 At·

177 1812 216 1853 ue
239 1749 302 1851 ἧος
319 1774 411 1847 modo
432 1764 484 1835 fit,
507 1772 544 1829 ut
587 1784 664 1825 uum
683 1762 831 1825 maxime
853 1761 875 1823 i.
890 1782 919 1824 e.
941 1759 1005 1822 lroc
1026 1764 1182 1826 maxime

152 1814 302 1959 dempere
328 1870 352 1929 si
372 1850 495 1919 nificare
526 1786 671 1912 rideatur
699 1870 806 1925 necne,
841 1842 930 1930 quod
962 1866 1036 1908 non
1068 1846 1181 1932 ipsum

155 1962 182 2027 ,j
207 1957 320 2023 nffiffl,
352 1884 421 2007 i'uit
436 1944 543 1997 tamen
561 1933 640 1996 haee
663 1933 777 2019 opinio
800 1930 981 1993 multorum
1005 1951 1181 2014 gramma·

156 1986 294 2111 ,ἰξοῐω
331 2018 468 2093 Graevii,
516 2041 589 2081 uem
605 2018 677 2083 vide
694 2016 734 2080 ad
754 2017 823 2079 Cio.
844 2015 886 2079 de
900 2013 966 2077 Off.
984 2018 1016 2091 2,
1031 2020 1068 2078 7.
1093 2028 1127 2080 et
1143 2017 1180 2080 ad

157 2132 186 2199 E
212 2132 260 2195 552,
280 2082 347 2193 2⁹9.
368 2114 400 2169 et
424 2103 464 2166 ad
488 2042 625 2167 duetore.
648 2104 748 2167 Dom.
773 2106 825 2165 10.
865 2097 1027 2163 Zinaerlin
1056 2100 1098 2177 ii,
1127 2103 1181 2188 qui

161 2156 270 2283 (ἕως
280 2188 427 2287 particula
443 2198 551 2253 totum
567 2199 661 2274 eaput
679 2192 732 2253 22.
761 2185 895 2249 luvenii.
911 2122 1080 2251 Promuis.
1098 2208 1181 2250 eon-

158 2294 284 2379 κάμῃ.
321 2276 482 2339 Dixerunt
505 2273 622 2338 dehac
644 2293 678 2336 re
702 2271 798 2335 etiam
824 2271 971 2334 Rheoeu.
995 2279 1030 2332 et
1056 2272 1180 2337 Acidal.

160 2390 198 2455 mr
214 2367 306 2441 Tacit.
322 2358 405 2421 ltin.
424 2365 459 2437 1,
475 2365 528 2423 29.
547 2366 587 2438 8,
602 2362 632 2421 t.
655 2356 778 2423 Duker.
800 2354 840 2419 ad
862 2354 949 2419 tuor.
967 2358 1008 2421 2.
1031 2360 1085 2418 16.
1109 2357 1180 2419 Oo-

162 2460 274 2535 dudor
297 2443 358 2506 .ad
376 2442 523 2509 Frontin.
540 2451 570 2521 2,
586 2448 618 2519 9,
632 2447 663 2506 6.
684 2444 715 2521 t,
732 2446 761 2519 5,
778 2445 810 2503 2.
833 2438 873 2503 od
892 2439 983 2503 caes.
998 2438 1084 2504 Bell.
1104 2442 1179 2524 gall.

160 2544 241 2619 2⁴⁷·
268 2468 434 2615 dpalding.
458 2529 498 2592 ad
525 2528 661 2609 Quintil.
683 2530 831 2607 6,1,23.
876 2523 1046 2588 Ernestius
1072 2537 1179 2589 atatem

158 2638 243 2713 qutun
261 2613 384 2675 vidisset
404 2636 503 2699 quum
516 2614 662 2679 uroxime
679 2634 745 2674 non
763 2632 859 2696 posse
877 2606 1074 2695 significare,
1091 2609 1180 2697 quod
1221 2658 1225 2693 4

154 2712 195 2781 ,μῆ
211 2698 330 2776 volunt,
353 2720 451 2780 nitur,
474 2703 506 2763 in
522 2700 610 2764 Clavi
629 2699 777 2761 Ciceron.
796 2718 827 2781 p.
843 2700 916 2759 434.
935 2693 1017 2756 bene
1038 2695 1179 2758 demon·
1223 2695 1225 2753 ἷ

151 2783 264 2859 mavit,
281 2782 334 2845 itta
352 2784 449 2847 rerba
464 2786 497 2847 in
515 2785 626 2849 multis
643 2783 721 2845 locis
738 2778 912 2845 commode
927 2778 1066 2862 quidem
1086 2803 1180 2869 posse
1223 2778 1225 2785 '

148 2891 204 2961 per
225 2888 314 2931 nuno
337 2868 506 2953 explicari,
535 2879 732 2932 nouantem
759 2865 842 2928 idem
874 2862 1071 2948 significare.
1115 2867 1180 2929 Nee

146 2972 251 3019 tamen
278 2952 311 3014 in
342 2954 476 3035 siugulis
503 2955 582 3018 locis
611 2950 810 3039 explicandis
838 2948 936 3012 firmo
965 2949 1051 3034 pede
1088 2952 1179 3015 ince-

146 3040 209 3111 dit,
232 3035 287 3098 sed
304 3038 461 3101 omissum
477 3048 571 3125 putat
586 3050 640 3115 ut,
665 3039 757 3122 quasi
771 3037 831 3114 sit,
854 3044 889 3096 ut
912 3054 1013 3119 quum
1035 3038 1178 3100 maxime

143 3120 194 3184 vel
211 3141 276 3204 quo
294 3131 442 3209 tempore
467 3124 628 3202 maxime,
651 3133 683 3186 et
699 3121 817 3185 alienas
835 3119 985 3182 notionea
1008 3120 1177 3185 admiscet.

142 3204 228 3269 Eum
251 3207 397 3291 sequitur
420 3217 555 3293 uterque
582 3206 801 3284 Schwarziua,
823 3204 963 3268 altered
988 3205 1177 3270 Mamertiu.

142 3290 260 3377 Paneg.
276 3297 307 3361 2.
324 3292 403 3357 alter
421 3294 586 3357 Conradus
612 3294 645 3359 in
661 3288 853 3377 Appendioe
874 3288 1066 3354 Tursellino
1093 3292 1178 3354 adie-

24 3440 32 3449 ,
144 3385 216 3448 eto,
240 3376 294 3461 qui
312 3378 470 3465 originem
487 3377 650 3442 formulae
667 3374 825 3454 fortuit0,
848 3382 884 3437 ut
901 3376 963 3449 ait,
986 3377 1174 3439 coniunctae

145 3462 270 3544 quaerit
287 3462 320 3526 in
335 3465 457 3549 graecia
475 3465 579 3533 verbis
595 3459 644 3526 ὅτε
658 3458 790 3543 μάλιστα,
807 3479 977 3544 quaecum
996 3455 1045 3524 ὅτι
1056 3458 1173 3542 μάλιστα

144 3544 328 3611 confudisse
346 3549 481 3614 videtur.
525 3548 703 3628 Quomodo
719 3557 826 3610 auteur
843 3546 1031 3608 coniunctio
1047 3546 1085 3609 ad
1101 3566 1177 3607 ver-

145 3629 224 3692 bum
241 3634 398 3697 omissum
423 3634 603 3709 referatur,
625 3654 722 3697 nemo
746 3631 821 3693 satis
847 3630 1031 3695 declaravit.
1076 3628 1177 3693 lutei-

143 3714 255 3801 ligitur
277 3719 362 3783 enim
381 3718 515 3782 verbum
540 3741 581 3782 ex
602 3719 687 3801 ipsa,
710 3738 790 3802 quae
809 3715 1026 3800 proponitur,
1049 3727 1178 3779 senten-

143 3801 198 3865 tia.
241 3803 348 3867 Veluti
364 3804 448 3887 apud
467 3805 533 3867 Cic.
550 3805 589 3867 de
605 3803 670 3867 Off.
689 3809 719 3881 2,
738 3807 767 3879 7,
785 3806 835 3864 23.
859 3822 955 3885 quem
969 3800 1176 3887 (tyrannum)

144 3885 251 3950 armis
267 3910 428 3973 oppresso
439 3888 582 3975 pertulit
599 3889 722 3951 civitas
733 3896 897 3971 paretque
915 3906 1015 3970 quum
1031 3888 1177 3950 maxime

143 3983 287 4037 mortno.
310 3994 378 4036 non
394 3983 461 4047 est,
481 3985 517 4036 ut
532 3976 804 4059 interpretantur,
827 3992 924 4048 nune,
947 3991 1066 4057 oeque,
1092 3972 1176 4058 quod

142 4056 309 4128 Emeatiua
326 4060 496 4147 exposuit,
519 4080 601 4144 quae
617 4069 710 4145 paret
725 4065 858 4122 mortuo
873 4057 936 4136 ita,
956 4066 993 4119 nt
1010 4078 1079 4142 quo
1095 4068 1175 4123 tem·
