2632 4770
438 213 871 351 mensusnnrnuvu.
1124 210 1191 332 aar
1233 324 1238 332 ,

114 364 178 484 lat.
211 414 339 481 ienens.
354 373 410 481 ῥΤ.
425 413 458 478 4.
480 436 521 502 p.
545 379 621 482 212.
652 408 848 480 assentiente
871 411 1115 504 Oudendorpi'o
1147 416 1190 482 ad
1264 401 1268 418 Κ

119 503 258 594 Apulei.
275 501 319 565 Τ.
334 505 366 565 2.
384 523 418 589 p.
433 505 486 564 70.
507 499 561 563 bic
578 500 613 564 in
630 500 815 574 Grammat.
837 500 872 589 p.
883 501 959 566 469.
979 503 1059 566 etin
1074 500 1191 590 Ephe·
1306 496 1307 506 ’

122 589 249 665 ηιςὶἀ.
269 588 395 653 ienens.
413 609 443 651 a.
462 589 557 650 1829.
569 587 614 649 u.
631 590 707 651 282.
727 583 841 650 docuit
860 587 1189 674 impraesentiarum
1287 576 1299 598 ⁴

125 674 256 751 berum
275 696 345 739 esse
361 669 541 737 contractis
556 673 589 735 in
615 691 720 735 unum
737 671 905 739 vocabulis
930 674 969 737 in
984 670 1191 759 praesentia
1284 709 1295 732 a

124 782 267 844 mm.
311 757 396 839 Quis
419 779 499 824 vero
533 757 732 821 Latinorum
762 779 924 844 umquam
954 759 1000 823 ita
1031 758 1191 846 loquutus
1263 768 1264 771 ’

125 843 203 916 ait
249 845 427 921 Veterum,
444 845 538 930 quod
554 864 616 929 ego
634 844 755 925 sciam,
776 866 890 910 nemo.
932 845 1002 909 Nec
1017 846 1192 910 credamus
1291 878 1293 883 .

121 936 170 1005 ab
189 933 245 999 his
268 931 403 1018 quidem
428 926 647 1017 scriptoribus
676 940 868 1018 corruptum
900 952 1017 997 vocem
1048 931 1192 1017 vulgaris
1253 972 1255 979 ‹
1288 981 1289 986 η

125 1017 416 1111 pronuntiationis
432 1012 467 1080 in
483 1036 582 1082 usum
601 1036 701 1079 suum
722 1037 790 1080 esse
811 1016 998 1082 admissam.
1040 1018 1195 1092 Praeter*
1213 1045 1222 1097 χ

128 1130 169 1172 ea
193 1107 307 1194 ipsum
332 1101 529 1167 vocabulum
553 1112 622 1165 non
645 1102 822 1166 deserum
845 1103 1049 1188 praesentia,
1068 1103 1132 1170 sed
1155 1104 1197 1169 de

127 1195 291 1279 tempore
309 1199 499 1276 usurpatur.
517 1230 518 1233 =
536 1185 699 1259 ,Hechtius
717 1197 829 1253 narrat
848 1187 949 1254 fuisse
971 1188 1033 1276 qui
1051 1211 1195 1276 compo-

126 1281 195 1345 sita
219 1275 456 1344 existimarent
472 1273 636 1350 ¹uocabula
659 1273 917 1360 inpraesentia
940 1286 1032 1347 tarn.-
1061 1274 1195 1354 Lipsius

128 1367 166 1431 in
187 1362 332 1449 Epistol.
356 1359 489 1447 spring.
514 1354 695 1445 Burmann.
718 1359 810 1448 T.,1.
833 1382 867 1447 p.
884 1364 937 1426 53.
962 1360 1056 1436 huic,
1082 1362 1120 1424 ut
1144 1364 1196 1425 vi·
1253 1367 1267 1393 ¹·

130 1452 254 1527 detur,
276 1447 363 1511 Petri
383 1445 551 1532 Egmondi
577 1444 731 1532 opinioni
755 1445 911 1533 apposuit
931 1453 1045 1524 suam3
1069 1469 1111 1511 ex
1132 1469 1203 1534 qua<
1250 1453 1254 1494 f
1274 1501 1277 1503 .

130 1533 352 1609 scribendum
369 1542 452 1596 esset
468 1529 820 1616 impraesentiadum,
845 1542 880 1595 ut
892 1530 1082 1610 hauddum.
1125 1533 1197 1596 De-

130 1623 240 1709 nique
258 1619 474 1684 Doederlinus
492 1618 526 1682 in
543 1615 737 1705 Etymolog.
758 1621 786 1681 1.
805 1638 840 1703 p.
866 1619 939 1681 140.
961 1639 1084 1682 novam
1108 1619 1198 1682 viam

133 1711 305 1796 ingressus
322 1715 382 1777 est,
400 1702 700 1790 eumqueBre'mius
717 1704 751 1767 in
767 1702 1034 1768 not'.adcornel.
1048 1701 1198 1783 Haemo.
1240 1705 1257 1768 '.
1307 1767 1310 1771 .

132 1793 307 1881 sequitur:
332 1788 616 1877 praesentiarum
645 1811 714 1852 esse
741 1788 956 1870 adieclivum,
992 1788 1087 1853 siculi
1115 1811 1199 1854 arus
1303 1809 1309 1874 J

131 1879 333 1946 terminatio
350 1876 474 1940 adiecta
491 1874 581 1956 sitin
600 1896 745 1952 auarus,
764 1874 879 1940 clarus·
898 1885 930 1939 el
946 1875 1045 1940 arius*
1066 1874 1101 1938 in
1126 1873 1200 1940 aiil-

162 1963 301 2032 ariass'
318 1962 396 2026 hinc
423 1960 487 2024 dici
508 1959 546 2024 in
570 1960 853 2049 praesentiarum
875 1979 940 2048 pro
965 1961 1003 2024 in
1021 1974 1208 2047 praesens.

166 2063 182 2116 t
203 2071 310 2140 quum
325 2047 364 2114 ab
383 2046 453 2111 aliis
469 2047 634 2112 monitum
653 2056 756 2123 esset,
781 2065 852 2111 non
865 2047 1028 2129 constare,
1051 2060 1217 2134 quomo-.

137 2140 186 2205 do
214 2133 458 2221 epraesentia
487 2132 689 2197 substantivo
720 2130 918 2198 adiectivum
949 2133 1042 2199 istius
1070 2130 1202 2198 formae

137 2222 226 2290 oriri
250 2220 430 2308 potuisset,
451 2217 606 2304 'Pomp-3.
629 2224 660 2305 p.
677 2223 752 2284 513.
778 2219 990 2306 comparavit
1005 2217 1202 2286 vocabulum
1221 2231 1231 2259 ¹·
1296 2292 1298 2295 ,

132 2305 436 2399 pestilentiariaa,
464 2305 556 2402 apud
580 2302 827 2369 ‘Tertullianum
852 2304 1007 2384 obvium,
1041 2315 1074 2369 et
1093 2305 1203 2370 ailen-
1263 2329 1268 2349 ¹

139 2394 290 2468 tiarius,
321 2391 503 2456 ministerii*
517 2411 654 2455 nomen.
699 2389 790 2470 Quid
816 2377 883 2455 iam
905 2392 940 2456 in
962 2390 1026 2454 hac·
1050 2389 1203 2465 obscuri÷
1246 2381 1304 2438 55

139 2492 213 2548 tate
233 2471 573 2544 rerum'iudieamus·?
614 2466 687 2559 Egi
711 2475 879 2558 abstine0,
901 2475 935 2540 id
953 2487 1083 2542 tantum
1108 2477 1204 2542 affir—
1249 2544 1252 2553 ,

141 2588 262 2642 mans,
295 2566 460 2627 incertum
485 2586 545 2628 nec
570 2560 724 2645 credibile
750 2562 874 2643 videri,
898 2564 1101 2649 antiquiores
1122 2565 1207 2643 scri-

143 2665 267 2743 ptores
285 2649 349 2724 hocj
366 2649 526 2715 vocabulo
541 2671 610 2714 esse
626 2669 718 2721 usos,
738 2648 799 2713 sed
813 2649 976 2734 quosdam
999 2647 1134 2716 africani
1152 2651 1206 2714 di-

145 2739 245 2806 cendi
264 2737 571 2825 generissauetores
595 2757 637 2799 ex
657 2732 786 2822 plebeia
810 2734 944 2822 loquela
971 2735 1005 2800 id
1029 2737 1205 2822 recepisse,
1240 2803 1243 2806 ,
1267 2787 1271 2790 .

147 2823 243 2915 quod
276 2823 549 2910 pronuntiatione
574 2830 771 2909 corruptum
793 2818 896 2886 fuisse
920 2820 1062 2887 videtur.
1104 2821 1207 2902 Quod
1265 2872 1268 2880 ,

147 2911 237 3002 apud
261 2908 456 2974 Petronium
480 2908 600 2996 legitur
627 2929 654 2971 c.
672 2911 724 2972 58.
749 2917 781 2971 et
795 2910 849 2970 rt.
876 2906 1208 2995 depraesentiarum,

148 2997 276 3064 iactum
313 2996 347 3060 in
367 2993 522 3058 *modum
565 2992 746 3058 verborum
786 2991 989 3079 derepente,
1036 2992 1208 3074 desubito,
1270 2994 1272 2998 ’

148 3091 315 3151 monstrat
324 3081 608 3166 praesentiarum
630 3077 731 3143 fuisse
754 3099 878 3143 nomen
902 3077 1068 3166 singulare
1093 3090 1125 3144 et
1148 3079 1210 3143 ab·

153 3170 320 3249 solutum,
343 3167 395 3231 cui
412 3167 512 3233 etiam
528 3166 566 3237 in
583 3164 747 3254 praeponi
761 3174 911 3253 poterat,
932 3165 1029 3236 sicuti
1043 3165 1211 3247 incoram,
1276 3191 1278 3197 ’

155 3254 293 3334 inante,
315 3262 347 3317 et
361 3252 433 3316 alia.
449 3258 452 3262 ’
645 3319 647 3323 ,
986 3319 989 3324 ,
1309 3325 1313 3332 ,

216 3339 305 3405 'Sed
322 3339 391 3424 ipsa
405 3334 600 3422 significatio
616 3332 767 3400 vocabuli
784 3357 854 3399 non
876 3336 953 3401 satis
971 3333 1141 3424 explorata
1160 3335 1212 3400 vi-

153 3423 262 3491 detur.
306 3424 527 3489 Doederlinus
544 3420 652 3508 reddit
672 3420 778 3485 verbis
787 3421 854 3511 siir
864 3421 956 3511 jeet,
970 3420 1038 3511 fiir
1053 3422 1120 3487 de'n
1135 3421 1225 3486 Λαέ-

151 3509 311 3599 gaulalii,
333 3507 401 3598 fiir
419 3507 477 3572 die
500 3508 641 3573 rideliste
658 3505 892 3593 Gegenwart,
915 3529 998 3594 quae
1021 3508 1135 3573 multis
1159 3507 1226 3571 lo-'

154 3597 202 3661 cis
226 3594 484 3682 interpretandis
508 3592 659 3658 adhiberi
683 3615 750 3655 non
774 3602 924 3678 possunt.
967 3593 1046 3658 Aliis
1070 3593 1215 3658 enimin

152 3682 238 3747 locis
255 3686 439 3769 opponitur
457 3681 495 3745 in
516 3687 710 3766 posterum,
733 3677 772 3742 in
791 3674 950 3766 futurum
969 3679 1034 3760 ita,
1057 3690 1095 3766 ut
1116 3693 1247 3767 prae-¹.¹

154 3791 234 3833 sens
250 3779 383 3857 tempus
398 3765 595 3916 simpliciter
612 3763 833 3849 intelligatur:
852 3764 887 3828 iu
911 3764 980 3832 aliis
1004 3766 1136 3852 gravior
1159 3787 1216 3830 ac-

155 3854 245 3920 cedit
271 3855 336 3935 vis,
365 3863 401 3918 ut
424 3858 530 3928 ‘uacat
553 3851 594 3915 de
618 3864 775 3938 tempore
793 3859 962 3928 tantum,·
979 3864 1141 3938 quantum
1174 3851 1217 3915 de

153 3939 234 4006 loco
252 3939 377 4004 dicitur·
388 3937 500 4015 illico,
522 3937 558 4002 id
574 3947 622 4001 est
632 3935 700 4018 ient
713 3935 868 4024 gerad'e:
890 3959 989 4026 saepe
1004 3938 1217 4026 etiamprae-

155 4027 299 4116 ponitur
319 4047 419 4090 nunc.
470 4023 556 4100 Alibi
587 4024 702 4088 abesse
721 4021 887 4089 videbitur
917 4025 1012 4091 notio
1042 4023 1217 4112 temporis,
1299 4075 1300 4079 ,

156 4117 248 4202 quoe
264 4122 379 4183 tameo
400 4123 471 4180 nott
491 4107 609 4175 -modo
630 4108 741 4195 adest,
774 4107 995 4198 'eedsplenam
1018 4110 1235 4186 sententiam*

446 4248 447 4253 ’
478 4241 490 4282 l
