2632 4770
196 124 258 187 182
659 116 778 183 lIlEO.
832 134 835 139 ’

300 268 549 340 οο1ω7,20,2ιιι.
558 264 617 324 bii.
627 269 1253 343 ocprnmdmarotceooqooatrorcoteum

221 414 224 419 ,
274 361 320 414 ubi
336 368 451 428 repertus
465 359 562 410 minore
576 359 683 427 negotio
702 359 847 428 expellitur.
882 357 921 409 Et
941 357 1001 409 ideo
1024 354 1079 408 dici
1102 368 1135 408 ne
1158 364 1251 408 οἰιιιη-

273 447 335 498 dum
350 445 459 511 quiden.
491 444 563 495 Ptin.
578 443 650 495 Hist.
665 448 720 494 nat.
737 441 765 505 2,
780 440 807 505 8,
822 440 849 494 6.
867 441 977 492 Saturni
992 447 1080 491 autem
1100 438 1173 494 sidus
1185 443 1252 511 geli·

275 530 324 582 dae
341 546 373 580 ac
383 530 494 597 rigentis
510 547 562 582 esse
581 537 707 590 naturae,
728 528 858 594 multoque
872 543 901 576 er
914 542 942 576 eo
959 524 1109 591 inferiorem
1121 526 1189 577 louis
1204 528 1252 579 cir·

276 614 361 664 culum
374 621 397 664 et
410 615 468 666 ideo
485 623 553 666 motu
569 614 682 664 celeriori
703 612 831 664 duodenis
851 610 995 675 circumagi
1017 610 1103 663 annis.
1142 610 1253 677 Quintil.

276 694 303 760 l,
319 693 346 760 4,
362 695 404 748 23.
423 706 448 751 et
463 700 518 751 ideo
533 699 644 766 qualitas
660 698 769 750 manime
781 694 892 749 oratoris
905 694 995 763 recipit
1012 710 1127 761 operam.

312 799 398 853 Varro
413 801 446 852 do
460 801 502 852 Rc
518 819 541 853 r.
558 800 584 863 1,
602 799 645 853 59.
662 807 686 852 et
700 801 756 851 ideo
770 799 930 869 oporotbecos
943 797 988 866 pai
996 796 1113 867 saciant,
1134 797 1170 849 ad
1182 797 1254 865 oqui-

279 882 360 936 loaem
375 893 405 938 ut
417 891 549 952 scnectras
565 888 691 948 habeant,
706 891 781 955 atque
793 889 823 935 ul
844 899 889 935 eae
906 884 1064 951 perflantur,
1080 888 1190 933 curant:
1209 899 1254 934 ne-

281 984 329 1033 que
344 976 431 1022 tamen
444 971 501 1023 siue
517 972 653 1038 sorbeatis,
674 986 707 1020 nc
727 985 803 1036 quam
820 968 951 1021 humorem
964 965 1114 1028 amiserint,
1131 967 1257 1034 pertinaci

279 1060 356 1105 ocoro
376 1056 442 1107 uicta
451 1056 531 1122 fiunt.
565 1056 674 1123 Ideoque
687 1053 716 1104 in
738 1054 771 1103 iis
786 1068 904 1102 camaras
924 1055 1082 1103 marmorato
1101 1056 1127 1103 et
1146 1052 1255 1119 parietes

276 1137 474 1207 pauimentapoe
488 1140 612 1206 sociant,
625 1157 674 1209 quo
682 1138 812 1207 frigidius
824 1136 865 1187 sit.
1123 1210 1127 1217 ἡ
1194 1212 1196 1216 Ι

319 1239 415 1293 Celsus
428 1240 455 1304 2,
470 1240 496 1293 2.
521 1242 730 1307 comidorundum
751 1247 803 1303 est,
828 1255 892 1289 num
913 1237 954 1289 cui
976 1235 1078 1304 saepius
1098 1235 1255 1309 borumqali·

187 1330 192 1343 ¹
282 1324 345 1391 quid
365 1328 480 1392 eueniat,
506 1343 585 1393 neque
607 1326 666 1379 ideo
688 1325 801 1394 corporis
829 1325 884 1375 ulla
907 1323 1050 1389 difficultas
1080 1322 1254 1390 subsequatur.

284 1407 375 1465 Tacit.
388 1411 457 1464 Aoo.
476 1411 501 1474 1,
517 1410 560 1464 12.
577 1429 622 1463 nec
636 1412 692 1462 ideo
706 1411 776 1462 iram
792 1411 846 1461 eius
860 1409 966 1461 lenient.
1003 1407 1115 1460 Sueton.
1128 1407 1201 1476 Aug.
1215 1404 1255 1461 bt

283 1511 330 1548 nec
342 1496 399 1549 ideo
413 1498 534 1561 libertas,
556 1503 602 1548 aut
616 1497 775 1548 contumacia
784 1495 883 1563 fraudi
897 1495 1015 1562 cuiquam
1024 1491 1090 1558 fuit.

322 1598 447 1651 (loculi.
466 1598 517 1653 civ.
536 1598 621 1662 3,11.
652 1588 776 1651 Vibullius
790 1625 823 1664 .··
839 1615 890 1649 aon
913 1598 999 1649 minus
1016 1595 1189 1648 necessarium
1209 1568 1266 1648 etot-

286 1682 457 1747 ecistimouit‚
474 1686 506 1736 de
520 1685 654 1751 repentino
670 1684 782 1746 aduentu
809 1681 925 1734 Caesaris
949 1682 1098 1760 Pompeium
1113 1680 1179 1747 fleri
1202 1696 1255 1731 cer-

287 1768 394 1831 tiorem,
410 1768 451 1819 uti
466 1769 543 1819 adid
558 1768 689 1818 consitium
711 1783 801 1834 capere
816 1773 918 1835 posset,
936 1773 1075 1832 onthuam
1097 1767 1129 1819 dc
1149 1765 1258 1818 mondo·

288 1852 321 1901 tis
337 1852 386 1917 ogi
400 1851 539 1918 inciperet:
557 1860 631 1918 atque
648 1852 707 1902 ideo
725 1878 758 1890 -
778 1852 813 1902 ad
828 1850 975 1918 Pompeium
989 1851 1124 1903 contendit.
1154 1849 1258 1909 Inueni.

287 1931 406 1995 1,1088.
424 1932 502 1986 1053.
519 1933 545 1998 2,
558 1933 619 1992 386,
636 1934 697 1991 395.
714 1934 741 2000 3,
755 1933 816 1987 583.
843 1933 958 2002 Quintil.
977 1934 1020 1998 12,
1034 1933 1078 1999 10,
1092 1933 1118 1987 2.

303 2056 333 2116 6.
364 2055 505 2135 Quando
529 2057 661 2123 effectus
688 2058 802 2144 uliquis
838 2056 890 2121 vel
925 2057 1099 2121 consilium
1119 2044 1260 2143 aliquod

220 2146 390 2224 tamquam
413 2163 541 2222 caussa,
571 2156 775 2231 quopropter
799 2142 920 2228 aliquid
951 2141 1029 2225 fiat,
1068 2142 1260 2228 designando

222 2232 286 2297 est,
311 2226 448 2310 ponitur
472 2229 571 2309 ideo,
594 2229 751 2294 adiunctis
776 2229 883 2296 verbis
907 2238 962 2307 ut,
986 2249 1046 2306 ne,
1068 2251 1148 2316 quo,
1173 2228 1260 2317 quin.

222 2307 378 2378 Germani
394 2311 519 2382 darum
536 2311 626 2405 ἄψ.

334 2431 421 2486 Varro
437 2435 551 2489 chcr.
568 2434 696 2501 3,16,15.
715 2453 780 2503 quas
794 2435 852 2486 idco
866 2435 985 2486 uidentur
1000 2434 1099 2487 medias
1108 2437 1198 2501 facere
1214 2453 1260 2487 on-

290 2520 465 2587 gustissimos,
482 2529 511 2573 ut
524 2525 642 2589 figarum
659 2521 790 2572 imitentur
804 2535 905 2578 earum.
940 2518 995 2569 Cic.
1012 2520 1090 2570 Vere.
1105 2517 1131 2582 4,
1139 2518 1167 2581 4,
1181 2516 1207 2571 i.
1224 2520 1263 2571 id·

289 2602 355 2655 circo
376 2621 449 2655 nemo
464 2607 622 2673 superiorum
641 2605 749 2672 attigit,
767 2610 795 2654 ut
808 2603 861 2653 iste
883 2603 1004 2657 tolleret?
1020 2604 1077 2655 ideo
1096 2605 1124 2655 C.
1142 2605 1264 2656 Claudius

291 2686 404 2739 Pulcher
419 2690 523 2751 retulit,
539 2696 569 2739 ut
582 2690 610 2741 C.
633 2689 720 2738 Verres
732 2693 816 2754 posset
831 2686 954 2753 auferre?
988 2686 1022 2739 dc
1047 2689 1106 2740 lov.
1124 2689 1150 2753 2,
1166 2687 1210 2752 23,
1224 2687 1265 2745 70.

292 2768 405 2824 Truiuu.
421 2772 455 2823 cd
471 2771 542 2823 Plio.
558 2771 645 2840 Epist.
661 2769 704 2832 10,
720 2767 779 2818 118.
797 2771 842 2821 scd
863 2787 913 2839 ego
933 2772 991 2823 ideo
1010 2775 1179 2841 prudentiam
1194 2781 1267 2826 tuan

201 2920 208 2932 ι
291 2855 362 2924 clegi
370 2894 379 2919 ‚
397 2864 425 2908 ut
434 2857 582 2923 formandis
596 2856 668 2907 istius
679 2854 829 2922 prouinciae
846 2856 959 2907 moribus
972 2857 1025 2925 ipsc
1038 2859 1218 2911 moderareris.

323 2956 393 3008 'cie
410 2957 509 3026 Agrar.
528 2957 561 3022 3,
576 2957 608 3022 2,
623 2953 650 3008 4.
676 2973 755 3024 neque
766 2972 825 3007 ocra
849 2973 917 3007 nunc
937 2959 1091 3026 disputabo,
1115 2961 1184 3028 quod
1200 2962 1268 3013 Ιιιιιισ

291 3046 386 3092 motum
402 3042 441 3093 rei
460 3043 579 3110 publicae
592 3057 645 3095 aon
665 3056 822 3109 magnopere
844 3041 1032 3108 defendendum
1050 3052 1154 3113 putem,
1173 3071 1208 3087 -·
1223 3044 1267 3099 red

291 3130 321 3179 ut
339 3126 441 3180 doceam
459 3127 566 3179 Rullum
581 3131 633 3180 etc.

338 3226 664 3292 cto.vorr.1,141‚10t›.
690 3245 724 3282 on
745 3228 803 3280 ideo
827 3228 928 3296 aliquid
943 3237 1033 3282 contra
1055 3232 1175 3284 mulieres
1191 3233 1267 3301 fecit,

289 3326 323 3364 ne
343 3318 422 3363 totum
441 3313 551 3365 edictum
579 3315 616 3365 ad
640 3313 789 3365 Chelidonis
815 3298 952 3365 arbitrium
973 3315 1098 3383 scriptum
1119 3315 1269 3369 uideretur?

290 3392 351 3446 Liv.
365 3392 391 3457 4,
406 3393 433 3461 o,
446 3393 471 3444 2.
488 3396 593 3464 ideoque
614 3397 764 3448 decemuiros
781 3399 933 3450 connubium
955 3400 1102 3462 diremisse,
1121 3418 1154 3451 nc
1168 3402 1270 3453 incerta

287 3481 360 3551 prole
378 3481 494 3547 auspicia
509 3482 682 3533 turbarentur.
717 3479 985 3546 Quintit.t,1‚33.
1012 3501 1063 3535 uon
1085 3491 1174 3536 tamen
1197 3487 1271 3538 omit·

289 3566 386 3626 tendo,
406 3567 444 3617 oel
458 3566 527 3627 ideo,
545 3581 578 3614 ne
593 3573 753 3632 occupentur.
788 3564 894 3634 b‘lpian.
917 3565 946 3616 ia
967 3566 1031 3636 urg.
1054 3567 1087 3632 1,
1111 3566 1144 3635 i,
1168 3566 1212 3620 lt.
1238 3585 1272 3622 ne

284 3653 358 3719 sorte
374 3667 431 3702 eum
446 3651 502 3700 idco
519 3657 640 3717 arroget,
657 3667 689 3701 ne
702 3651 817 3703 rationes
837 3652 940 3703 reddat.

336 3751 425 3806 Tacit.
440 3750 511 3803 Ilist.
527 3750 560 3814 4,
574 3750 616 3804 lb.
640 3770 686 3803 nco
707 3753 764 3804 ideo
787 3753 906 3806 Rhenum
927 3753 1081 3818 insedimus,
1109 3762 1136 3807 ut
1161 3755 1273 3808 Italiam

291 3841 435 3901 tueremur,
472 3837 516 3887 sed
538 3852 571 3889 ne
598 3839 653 3905 quis
676 3837 742 3888 alius
773 3837 919 3891 Ariouistus
938 3856 1021 3908 regno
1052 3841 1202 3894 Galliarum
1223 3859 1272 3912 po-

290 3921 391 3975 tiretur.
490 3920 498 3933 ‘
1190 3932 1193 3937 ’
