2632 4770
524 242 635 348 uox.
1036 250 1114 317 ccc.

148 405 255 470 1.'Vt
287 398 482 489 proximum
509 406 641 484 tempus
678 395 852 483 insequens
888 399 1112 490 significetur,

62 513 140 556 mcx
160 511 235 554 cum
254 485 405 551 omnibus
420 484 459 546 iis
476 484 567 548 verbi
583 482 700 546 formis
716 482 945 571 componitur,
964 509 1045 573 quae
1059 489 1101 569 ad

59 576 142 641 illud
167 587 297 660 tempus
319 566 530 634 iudicandum
553 566 629 632 sunt
656 567 809 643 idoneae,
842 571 1028 656 etquidem
1055 596 1098 639 ex
1208 612 1213 619 -

60 660 240 748 praesentis
267 657 396 721 ratione
425 672 501 716 cum
530 651 653 716 futuro.
696 651 801 718 lntelli
826 674 844 717 e
866 656 1044 722 arichsteas
1068 669 1103 724 et

59 743 206 811 ambula.
243 740 288 806 Ὶη
302 740 400 804 altere
416 747 508 823 purte
525 740 702 802 sententiae
717 677 883 803 interium
898 741 987 820 iam,
1004 765 1101 830 saepe

62 854 104 918 up
130 841 198 894 aret
216 849 323 898 mma,
347 834 379 886 et
402 824 701 908 opponituraate.
746 823 809 886 Sed
833 823 931 888 etium
948 849 1102 913 praesens
1200 887 1204 895 ,

30 964 33 968 -
63 853 247 982 collocatur
268 930 332 996 pro
350 907 483 985 futuro,
506 907 556 973 vel
579 906 623 971 ob
641 906 832 999 brevitatem
850 915 1029 998 temporis,
1050 914 1102 982 vel

61 1000 105 1064 ob
121 1010 246 1063 certum
265 1003 429 1057 eventum.

163 1133 254 1185 Pluut.
268 1131 345 1196 (lapt.
358 1128 384 1193 1,
400 1128 427 1192 2,
442 1124 485 1180 91.
502 1127 540 1180 aa
547 1131 676 1197 fratrem,
694 1143 743 1195 quo
757 1126 795 1181 irc
810 1098 934 1192 duosam,
955 1148 1014 1182 mor
1025 1131 1103 1186 ivan.

126 1216 211 1268 Mero.
227 1211 253 1277 4,
267 1213 294 1278 4,
308 1212 351 1265 62.
371 1214 461 1266 eadam
475 1211 559 1266 tinctu
575 1229 633 1264 tuuc
650 1228 755 1264 coenare
769 1213 870 1264 tectim.
906 1213 1019 1280 Quintil.
1035 1216 1061 1280 1,
1074 1217 1102 1283 2,

128 1301 172 1354 15.
191 1300 223 1351 sit
236 1297 464 1350 incommmoduuss
481 1323 517 1336 -
532 1313 590 1349 mac
606 1296 673 1349 utut
688 1296 892 1365 comparabimus
906 1301 1051 1352 commodis.

165 1399 326 1454 cicmtlrltt.
341 1397 384 1461 lt,
399 1396 425 1451 4.
441 1392 579 1467 praeteriit
592 1399 683 1450 uillam
698 1414 782 1451 rusam
800 1397 887 1461 Οιινίο,
903 1398 1023 1466 iussitque
1039 1404 1104 1456 naht

127 1485 262 1547 nuntiari,
281 1485 346 1536 ‘maa
367 1499 394 1536 se
414 1491 559 1536 canturam.
601 1483 700 1537 Horat.
720 1481 809 1549 Epist.
834 1481 867 1546 2,
885 1481 917 1546 2,
938 1481 998 1536 161.
1024 1503 1102 1553 quum

128 1578 225 1641 segetes
240 1576 310 1621 occat
327 1569 376 1620 uti
390 1584 448 1619 mcc
458 1571 595 1633 frumenta
610 1567 735 1633 daturas,
749 1574 774 1621 tc
786 1567 918 1621 dominum
932 1568 1030 1622 scutit.-

162 1658 261 1739 vtigil.
277 1671 327 1723 Ge.
344 1669 370 1733 3,
383 1665 428 1721 46.
446 1684 504 1720 mas
516 1675 604 1720 tumea
619 1668 730 1721 ardentis
754 1670 878 1739 accingar
899 1667 984 1722 dicere
994 1688 1102 1741 pugnus
1176 1691 1192 1698 ·

134 1755 260 1807 Caesaris.
292 1752 418 1807 Servium
436 1753 465 1804 id
478 1759 531 1816 ast,
547 1758 685 1821 postquam
695 1754 825 1822 Georgica
838 1754 1012 1823 conscripsero.

60 1874 63 1881 ·
163 1857 278 1909 Terent.
292 1854 376 1909 Andr.
389 1853 416 1919 3,
433 1853 460 1919 2,
476 1851 502 1906 5.
518 1871 642 1924 marego
658 1854 709 1906 lucc
722 1861 843 1909 secamur·
870 1855 905 1908 cl.
923 1855 980 1910 cic.
992 1857 1027 1910 dc
1040 1858 1103 1912 utv.

129 1940 214 2006 1,.13,
234 1939 277 1992 41.
312 1937 440 1992 111113.

168 2042 279 2095 Terent.
292 2042 362 2096 Eun.
375 2038 402 2108 2,
417 2040 444 2107 1,
459 2038 501 2094 13.
519 2058 581 2094 nam
597 2045 642 2093 aut
659 2039 714 2093 iarn
729 2030 933 2107 caecemus
947 2060 1006 2097 saar
1025 2051 1103 2099 coctu

127 2134 153 2180 tc
168 2128 258 2196 adiget
272 2129 377 2180 tarsum
389 2126 529 2180 insomnia.
564 2126 642 2192 Quae
662 2125 748 2178 verbu
761 2125 890 2178 atlhibcus
907 2126 942 2180 utl
958 2127 1104 2183 defenden-

130 2211 166 2262 da
181 2210 232 2263 illa
247 2209 338 2262 Plauti
353 2209 419 2262 cist.
434 2209 461 2273 1,
476 2208 502 2272 1,
518 2206 563 2260 4⁵.
589 2210 726 2280 nupsitque
748 2210 843 2275 tout,
855 2212 931 2264 ualet
949 2229 1007 2265 moa
1021 2222 1105 2268 noctu.

129 2291 187 2344 (lic.
200 2293 235 2345 tle
251 2294 328 2347 Orat.
343 2293 371 2357 1,
386 2292 429 2358 32,
447 2289 508 2344 148.
527 2294 679 2346 committa
694 2310 768 2345 mors
784 2311 867 2359 nuuc,
887 2297 919 2348 dc
940 2296 998 2365 ipsa
1012 2299 1106 2351 merci-

134 2379 234 2431 tatione
250 2380 312 2446 quiet
328 2378 444 2440 sentias,
462 2376 617 2445 quaerimus.
651 2375 727 2430 Orat.
742 2373 787 2442 49,
805 2376 865 2430 163.
881 2381 1026 2433 desumere
1039 2400 1106 2447 mor,

130 2477 198 2514 nnnc
216 2463 247 2514 dc
263 2479 323 2514 sono
342 2460 498 2530 quonimus.
532 2459 567 2511 dc
585 2457 645 2512 nin.
659 2457 686 2523 4,
703 2457 731 2524 4,
742 2456 769 2511 Β.
785 2462 894 2528 sequitur
908 2464 1046 2552 d'pserendi
1059 2482 1105 2516 ra-

132 2546 170 2598 tic
186 2546 349 2614 cognitioque
362 2552 491 2597 naturae:
508 2561 569 2595 uam
585 2544 616 2596 cle
638 2560 738 2597 summo
757 2545 819 2597 tora
834 2563 907 2610 utcu,
926 2552 957 2600 'ut
978 2546 1049 2612 utut,
1064 2549 1105 2600 oi-

135 2631 261 2681 dettmus.
292 2630 364 2683 Plin.
378 2628 451 2682 nist.
468 2644 494 2680 n.
509 2626 534 2691 2,
551 2625 611 2692 10³,
624 2624 685 2679 111.
758 2688 765 2701 ,

163 2730 272 2784 Lucrct.
287 2729 313 2798 5,
328 2729 405 2785 1134.
420 2749 464 2786 aec
485 2729 571 2800 magis
590 2730 619 2783 id
640 2745 707 2782 anca
728 2735 782 2796 cst,
801 2747 847 2784 aaa
865 2730 913 2786 crit
935 2747 1010 2800 mcc,
1028 2751 1105 2803 quum

123 2815 181 2882 fuit
194 2823 264 2870 ante·
1106 2822 1109 2826 ’

145 2973 175 3032 2.
197 2969 282 3033 Cum
303 2972 478 3058 praeterito
496 2968 707 3054 coniungitur
724 2966 756 3031 in
782 2964 971 3034 narratione
995 2993 1106 3049 rerum

62 3052 223 3197 proximo
231 3064 382 3143 tempore
396 3054 538 3119 sirenon
546 3053 652 3118 multo
662 3061 739 3138 post
753 3048 922 3116 factarum.
941 3057 1000 3119 Est
1009 3058 1108 3142 igitur

86 3135 149 3199 ald
164 3137 303 3226 darauf.
345 3138 475 3219 Temen
489 3139 690 3224 antiquiores
705 3138 879 3223 scriptores
899 3159 969 3203 non
982 3144 1107 3207 riden-

63 3228 121 3283 tur
140 3221 186 3285 ita
204 3223 332 3308 loquuti
356 3245 435 3287 esse.
484 3224 523 3289 ln
546 3224 624 3311 ipsis
646 3243 723 3287 vero
743 3223 933 3308 posterioris
959 3227 1028 3304 aevi
1047 3250 1107 3291 ex-

14 3307 16 3310 ’
63 3305 182 3392 emplis
201 3309 348 3394 plurimis
369 3329 438 3372 nou
460 3311 652 3395 proximum
667 3317 799 3394 tempus
823 3306 1033 3396 intelligitur:
1065 3313 1105 3377 de

62 3410 130 3477 quc
145 3411 182 3454 re
199 3414 232 3455 n.
249 3394 280 3456 5.
374 3411 377 3415 ’
779 3436 784 3444 ·

170 3509 245 3565 curt.
259 3511 302 3576 10,
320 3510 360 3577 tu,
374 3510 418 3564 18.
440 3512 517 3575 haec,
543 3517 679 3579 atcumque
700 3519 758 3564 suut
778 3510 888 3577 credita,
915 3529 1019 3580 corum,
1047 3533 1108 3583 quas

131 3611 219 3647 rumor
230 3597 399 3665 adsperserat,
416 3614 474 3649 mac
481 3595 598 3664 potentia
614 3596 741 3648 exstinxit.
767 3592 858 3648 Tacit.
869 3595 935 3648 Anu.
944 3595 1017 3662 1‚t7.
1033 3617 1107 3668 equos

132 3703 167 3718 ·-
178 3679 323 3744 fortissima
337 3678 554 3765 cuipucbcllatuti
568 3677 670 3744 trudit,
688 3686 719 3733 ut
735 3679 773 3742 tt,
789 3695 848 3732 tuas
860 3681 952 3749 perles,
969 3683 997 3734 iu
1011 3683 1107 3736 lrostem

130 3763 286 3818 invaderent.

147 3918 179 3983 8.
217 3915 323 3996 Atque
355 3913 391 3976 in
415 3910 477 3974 hec
508 3931 621 3976 rerum
652 3912 910 3999 consequutionc
939 3933 1037 3996 saepe
1066 3910 1105 3973 ad
1144 3917 1152 3931 ⁸

64 4017 168 4062 unam
184 3997 374 4062 brevitatem
395 3996 557 4083 temporis
579 3997 789 4083 respicimus,
810 4008 844 4067 st
866 4021 944 4064 mox
968 3995 1106 4062 dicimus
