2632 4770
219 274 261 337 43
692 232 799 323 dEtl.

304 421 333 488 Ι.
366 425 394 486 1.
415 416 565 483 Primum
582 413 683 501 igitur
696 408 775 476 irem
794 408 892 476 habet
916 410 1193 498 significationem
1217 419 1276 485 de,

221 506 490 578 monstrativum,
510 521 582 565 non
607 494 793 586 simplicem
814 497 968 583 quidem,
991 498 1047 563 sed
1072 520 1148 567 curn
1172 505 1274 570 enimi

217 595 334 661 allecto
367 588 595 663 coniunctum,
635 583 765 670 dequo
796 582 945 669 loquitur
963 584 1127 650 Charisius
1173 595 1284 655 Art:

218 692 252 745 et
269 682 418 743 Donatus
432 672 474 735 nd
487 668 623 735 Terent.
632 669 733 734 Andr.
743 674 774 746 2,
793 672 824 747 2,
843 671 892 732 14.
913 669 999 739 dem,
1013 692 1108 735 ecce:
1175 697 1272 740 morr-

219 763 345 830 strntin
365 770 415 825 est
434 755 542 907 (acti.
584 756 629 819 En
655 757 743 819 enim
768 755 873 819 utitur
896 753 934 827 is,
957 757 1011 840 qui
1037 756 1180 843 aliquem
1202 783 1271 825 rem

216 852 382 918 monstrnt
397 867 434 909 ve
464 841 618 921 ostendit,
634 852 667 904 et
684 841 726 905 nd
741 858 815 904 enm
833 839 982 903 animum
1000 844 1169 909 attendere
1182 847 1269 911 iubet

218 954 294 1000 curn
311 927 535 996 commotione
552 927 693 1014 qundnm
710 926 760 989 sui
775 926 888 1002 animi,
914 927 1006 1010 quasi
1020 927 1106 991 dicut
1119 952 1174 1007 en,
1196 932 1269 996 cide

217 1017 330 1087 modo.
351 1017 394 1081 Et
408 1024 494 1083 sunt.
511 1014 545 1077 in
585 1012 678 1077 uibus
693 1012 880 1098 comparari
890 1012 996 1097 possit
1011 1013 1206 1079 vocabulum
1218 1040 1264 1087 en,

218 1124 363 1194 quocum
378 1101 414 1167 in
428 1036 666 1187 scriptisiibris
683 1120 781 1246 saepe
798 1107 1039 1161 commutatum
1057 1108 1117 1165 est.
1152 1100 1266 1167 Differ-t

219 1202 330 1258 nutem
359 1188 435 1252 hem
466 1184 615 1253 validiori
640 1184 682 1247 vi.
759 1184 788 1246 ic
819 1178 937 1247 dicitur
966 1183 1044 1247 lrem
1075 1184 1157 1263 tibi,
1195 1188 1263 1253 laem

217 1276 282 1343 tibi
296 1274 467 1339 homiaem
487 1291 565 1333 cum
589 1269 827 1333 vehementiori
845 1267 1054 1348 incitatione,
1076 1271 1133 1335 ubi
1158 1273 1264 1339 nosci
1296 1288 1304 1345 ’τ

218 1363 293 1427 eielr
306 1360 365 1424 da.
406 1358 457 1421 Ne
473 1355 547 1441 quis
563 1365 672 1418 tumen
691 1352 772 1417 hoec
791 1352 943 1438 exemplu
962 1352 1006 1416 ob
1024 1356 1175 1421 codicum
1195 1380 1263 1422 cor·
1298 1356 1304 1419 l

217 1446 383 1533 ruptelnm
408 1441 605 1525 corrigenda
627 1448 740 1527 putet,
771 1450 916 1502 metrum
948 1438 1074 1519 obstat,
1100 1442 1261 1531 integritn-
1302 1442 1304 1463 ²

217 1544 286 1599 tem
301 1527 436 1596 voculne
449 1528 528 1590 dem
543 1523 729 1590 declarans:
757 1522 856 1588 voluti
880 1524 968 1609 opud
992 1524 1096 1590 Plaut.
1119 1528 1261 1605 Mercu,

215 1622 257 1697 2,
273 1620 325 1682 42.
347 1617 446 1679 Poen.
464 1616 501 1691 1,
520 1617 556 1690 1,
573 1615 626 1675 77.
669 1613 711 1674 At
735 1611 919 1674 universam
938 1607 1023 1673 hanc
1043 1622 1194 1679 nnturnm
1210 1614 1261 1679 de·

214 1700 465 1769 monstrativum
490 1717 597 1782 nuper
614 1697 741 1778 negarit
764 1716 832 1760 esse
850 1693 1117 1779 widemannus,
1143 1710 1175 1763 ct
1191 1709 1258 1764 unte

215 1810 292 1855 eum
310 1789 421 1853 Petrus
436 1780 608 1849 Avelluuus
626 1781 756 1866 aliique.
800 1778 864 1844 Sed
888 1780 959 1845 vide
986 1803 1020 1844 n.
1037 1784 1068 1846 5.
1114 1784 1178 1848 Sed
1197 1806 1261 1849 nnn

215 1875 351 1940 deerunt
369 1868 552 1934 contrariae
567 1866 746 1930 sententiae
763 1862 922 1928 fautores·
965 1866 1051 1930 Num
1070 1868 1261 1959 Hortungius

216 1959 259 2025 de
281 1958 399 2023 Partic.
424 1972 531 2037 grace.
560 1951 602 2015 T.
631 1957 660 2015 1.
691 1972 725 2049 p.
750 1952 824 2016 495.
857 1950 1027 2015 contendit
1055 1954 1132 2017 dem
1165 1966 1196 2020 et
1223 1978 1261 2019 en

211 2062 318 2111 unum
335 2035 623 2106 essevocnbulum:
647 2057 739 2100 curus
756 2035 921 2121 opinionis
935 2036 1067 2122 aliquod
1084 2060 1256 2123 argumen-

215 2139 291 2194 tum
307 2124 432 2192 invenit
448 2124 482 2186 in
498 2121 628 2207 scriptis
645 2120 813 2185 codicibus
835 2121 911 2184 leem
926 2143 990 2207 pro
1014 2146 1056 2186 en
1080 2126 1258 2191 exhibenti·

212 2214 290 2278 'bus
335 2210 428 2291 Quae
444 2209 682 2295 argumentatio
698 2206 803 2293 qualis
819 2207 879 2285 sit,
903 2224 1072 2295 exponere
1090 2230 1161 2276 non
1182 2230 1258 2303 ope·

214 2318 271 2367 rue
286 2297 431 2386 pretinm
451 2302 544 2381 puto.

324 2420 416 2478 Prius
432 2422 494 2476 Ger·
509 2419 544 2485 2,
559 2406 594 2484 2,
610 2415 653 2471 di.
685 2429 727 2470 en.
755 2412 830 2471 Tucc-
864 2426 916 2470 trv.
942 2414 1012 2484 Quid
1026 2421 1087 2474 ert?
1121 2441 1165 2479 cn·
1187 2420 1255 2479 Hm.

280 2519 332 2562 nv.
361 2509 423 2575 Quis
439 2514 493 2572 ert,
515 2523 590 2575 quem
611 2500 704 2556 rides?
738 2519 779 2557 cn.
810 2502 855 2554 tir
869 2520 953 2556 eccum
967 2506 997 2557 it.
1032 2505 1117 2559 Pocn.
1139 2508 1166 2572 1,
1181 2506 1254 2572 Mi.

279 2588 358 2655 iem,
375 2588 386 2644 i
400 2597 491 2660 sorar,
517 2590 705 2660 Agorastocles.
740 2586 771 2639 Si
794 2588 834 2639 uis
855 2586 941 2639 cidere
964 2589 1038 2641 iudos
1059 2589 1254 2646 iucundissima.

281 2688 330 2729 Ae.
364 2675 433 2740 Quid
454 2673 518 2728 istuc
540 2676 692 2736 tumulti’st,
712 2670 844 2740 Milphio?
879 2682 921 2723 ur.
948 2673 1015 2725 Hem
1036 2690 1136 2730 amores
1152 2677 1255 2743 temti

278 2761 318 2813 nis
332 2767 452 2827 rpeptnre.
487 2758 598 2810 Terent.
613 2757 697 2810 Andr.
709 2753 743 2822 ὅ,
760 2755 793 2819 4,
808 2754 851 2807 ²5.
873 2758 931 2808 irem
947 2761 1065 2812 astutias.

324 2858 414 2913 Plani
427 2860 510 2911 Most.
532 2857 560 2924 3,
574 2857 602 2921 2,
616 2857 677 2908 117.
696 2875 768 2911 renes
788 2859 842 2910 illic
861 2868 913 2910 est:
934 2860 1008 2923 hem,
1028 2856 1127 2913 adduxi
1149 2858 1199 2914 titt
1216 2861 1254 2913 to

276 2944 380 2999 minem.
415 2946 491 3012 capt.
506 2943 532 3009 il,
551 2941 578 3007 4,
594 2942 619 2995 8.
638 2940 697 3012 item
716 2938 765 2995 titt
787 2943 931 2995 hominem.-
950 2944 996 2995 adi
1020 2950 1098 3013 atquc
1124 2946 1253 3013 alloquar.

278 3024 390 3081 Terent.
413 3027 496 3080 Andr,
521 3025 591 3092 un,
610 3028 635 3079 1.
663 3029 720 3079 irem
745 3029 843 3087 Davom
867 3026 923 3079 tibi.
958 3027 1047 3081 Plani.
1067 3029 1112 3081 As.
1133 3026 1160 3093 ὃ,
1176 3028 1203 3093 2,
1218 3026 1253 3081 2⁰.

279 3111 338 3167 item
360 3115 406 3166 titi
420 3114 556 3167 hominem.
592 3114 669 3180 Capi.
686 3108 714 3178 ²,
728 3110 753 3173 3,
768 3110 810 3162 13.
837 3108 897 3163 Mil·
914 3111 939 3176 2,
954 3110 1037 3174 4,12ἶ
1062 3114 1121 3165 hum
1136 3114 1203 3166 tibi:
1220 3113 1254 3165 tir

274 3196 341 3252 milri
362 3198 436 3251 dixit.
482 3196 554 3250 rtur.
575 3194 609 3262 5,
630 3196 649 3250 4
657 3234 665 3263 ,
682 3196 708 3249 1.
741 3196 852 3249 Terent.
874 3197 924 3249 nt.
948 3195 981 3263 4,
1003 3196 1037 3260 1,
1058 3196 1101 3250 21.
1129 3198 1190 3252 hem
1212 3197 1254 3252 titt

276 3288 373 3336 autem.

320 3383 410 3435 Pinut.
425 3382 526 3435 Bacch.
546 3378 579 3444 2,
596 3379 630 3444 2,
646 3376 690 3431 31.
709 3379 801 3443 immo,
823 3383 964 3451 clamucio,
983 3385 1041 3437 hcm
1055 3398 1107 3437 nnn
1131 3385 1254 3439 tantulum

272 3481 394 3534 nmquam
409 3468 556 3520 intermittit
571 3472 678 3533 tempus.
708 3464 735 3527 2,
751 3463 777 3528 3,
792 3462 850 3516 lut.
870 3469 946 3519 immo
962 3468 1020 3519 irem
1041 3471 1172 3539 tantisper
1184 3488 1253 3523 uun·

275 3566 355 3619 quum
370 3559 395 3605 tc
411 3552 560 3604 morabitur.
580 3551 677 3618 quibus
693 3550 786 3603 vorbis
800 3557 892 3619 gustus
909 3552 1022 3604 arrodit·

309 3654 340 3705 In
363 3654 490 3706 Trinnmi
512 3653 586 3706 Prnl.
608 3671 634 3704 v.
657 3653 683 3706 3.
710 3656 798 3706 adest:
820 3670 852 3705 en
874 3655 936 3706 illue
955 3662 1017 3706 sunt
1038 3656 1131 3707 aedes:
1157 3656 1168 3707 i
1190 3657 1254 3709 intro

273 3752 351 3790 nnuc.
368 3737 458 3804 prime
476 3738 559 3791 editio
575 3737 689 3803 praebet
704 3736 768 3788 hcm.
787 3754 840 3789 non
859 3739 949 3800 malo,
966 3736 992 3809 si
1009 3736 1116 3790 reddisr
1137 3739 1186 3790 wir
1200 3732 1254 3791 sind

271 3837 315 3874 nm
332 3824 403 3874 utet.-
422 3824 457 3873 dn
473 3823 549 3873 sinist
563 3820 598 3886 jn
615 3821 675 3871 dnrt
689 3817 722 3871 ist
745 3822 792 3872 das
811 3823 892 3891 Haris.
928 3823 984 3875 Sed
998 3822 1030 3886 1,
1046 3821 1080 3886 2,
1098 3816 1159 3874 148.
1182 3821 1254 3875 idem

273 3904 347 3956 liber
365 3901 477 3958 exhibet
491 3906 550 3956 hem
571 3920 627 3955 mea
658 3904 814 3971 malefacto,
844 3909 901 3960 hem
923 3924 1008 3959 mecm
1029 3904 1173 3957 avaritiam
1198 3908 1255 3960 titt·

271 3989 320 4040 ubi
337 3991 509 4042 Hermunnnn
523 3987 632 4057 scripsit
648 4004 680 4041 en
697 3986 744 4042 titi
761 4018 794 4028 -
813 4010 852 4045 cu.
885 3993 921 4042 Et
936 3990 1035 4045 Pseud.
1048 3989 1075 4053 2,
1090 3988 1117 4055 4,
1132 3988 1175 4042 64.
1196 3988 1254 4044 leem

273 4075 324 4129 titt
341 4082 424 4130 tetum
436 4074 570 4143 subulam·
