2632 4770
266 299 269 304 .
368 243 574 370 iaruman
606 243 816 357 nummu.
926 262 947 345 j
1018 247 1122 315 ,ιιι

168 404 284 457 Plautus
298 420 350 473 nou
365 398 417 467 tei,
435 407 470 483 nt
481 400 567 452 refert
583 398 813 468 Elmenhorstius,
827 399 875 453 sed
891 417 938 454 sex
956 405 1003 457 rel
1011 413 1118 477 septem

135 488 205 541 locis
219 486 306 541 utitur
320 488 374 541 hoe
393 484 539 539 vocabulo.
559 483 649 546 ,Asin
664 481 690 551 5,
704 482 731 548 2,
744 482 789 538 41.
806 492 834 538 tu
852 486 960 542 interibi
975 493 1010 546 ub
1025 492 1118 560 infimo

57 600 60 605 ¹
136 576 172 626 do
189 573 315 624 suavium.
350 570 427 638 capt.
452 570 478 636 5,
493 571 520 634 l,
535 569 578 622 31.
594 575 622 622 et
635 567 678 620 33.
714 566 774 621 Mil.
793 568 932 634 t,1‚26.
957 576 1066 632 interibi
1086 587 1118 636 nt

40 714 51 736 x
135 659 177 710 bic
192 659 352 723 mttesasorte
366 658 480 710 Attienus
495 656 608 707 aduenit.
629 671 663 705 ex
680 650 834 706 certissima
850 658 1039 714 emendatione
1054 663 1119 718 ilci.
1181 650 1184 655 ’
1227 674 1231 688 ·

135 741 211 794 dolii.
243 743 328 794 Poen.
343 742 369 808 3,
384 742 411 806 3,
424 739 451 792 3.
477 740 578 793 interibi
591 738 729 790 attulerint
750 745 817 792 ceto.
850 739 922 793 nun.
937 741 962 808 4,
979 742 1005 810 o,
1019 746 1064 801 20.
1086 750 1120 804 ln

136 829 214 880 Pers.
231 825 256 893 1,
274 825 301 891 3,
315 826 358 879 85.
378 823 500 879 restitnit
515 822 657 875 Acidaliae
668 821 830 882 ,coniectura
845 825 1120 896 haudimprobabili.

135 912 240 966 Nonius
261 909 397 976 13,14.ι.
413 927 439 965 r.
454 908 571 978 cymbas
597 909 728 975 Afranius
747 910 877 979 Recepto:
901 919 960 964 tum
980 919 1120 973 conscendo
1211 922 1237 977 ,“
1279 970 1290 993 Ι

62 980 70 999 ⁰
138 1000 258 1066 cymbam
282 996 384 1048 interibi
402 994 455 1047 luci
472 993 660 1064 piscatoriam:
689 994 780 1058 uenio,
805 995 901 1047 iacitur
921 1014 1035 1065 acteone,
1052 1000 1122 1056 inbi-

137 1085 196 1135 bent
219 1083 317 1134 leniter.
360 1079 403 1132 lta
429 1077 606 1132 scribendum
631 1082 688 1143 est,
719 1095 773 1129 non
797 1080 868 1131 lucis.
912 1082 1020 1150 Apulei.
1041 1086 1122 1154 Apol.
1148 1118 1150 1122 v
1217 1078 1220 1083 ⁴

77 1222 80 1228 ,
137 1186 164 1236 p.
179 1165 239 1231 320,
255 1164 297 1218 29.
317 1165 425 1218 interibi
441 1163 575 1216 revalesce.
612 1163 720 1215 Gellius
732 1162 760 1226 3,
774 1160 800 1214 i.
818 1165 906 1216 consul
920 1170 1040 1235 interibi,
1058 1158 1122 1225 drbn

125 1250 170 1304 ‘eo
184 1268 281 1320 pugna
289 1251 341 1317 fit,
360 1265 386 1302 se
402 1249 432 1301 in
451 1249 517 1301 locos
539 1254 606 1301 totos
627 1257 704 1315 utque
727 1248 809 1300 editos
832 1248 958 1303 inducit.
993 1252 1121 1318 Editoree

137 1335 305 1402 scripserunt
325 1335 437 1387 interim.
470 1331 498 1398 2,
519 1331 561 1385 29.
588 1326 637 1384 ubi
658 1331 819 1384 codices'ibi
840 1335 869 1383 et
889 1331 987 1386 intereo
1009 1338 1137 1408 liabent,
1195 1350 1198 1355 '

139 1420 294 1475 Gronovius
312 1418 489 1475 scribendum
503 1416 610 1471 consuit
624 1418 648 1470 si
664 1418 726 1486 quid
739 1405 848 1469 interibi
865 1415 1022 1485 noniflcret.

403 1518 772 1652 inmanior.

157 1686 283 1749 Omnes
310 1685 517 1772 grammatici
543 1684 577 1747 in
601 1682 703 1749 verbo
737 1683 877 1748 interim
900 1687 1126 1834 praepositio-

71 1793 150 1836 nem
160 1772 250 1834 inter
265 1773 304 1835 ad
314 1783 445 1860 tempus
459 1771 596 1834 relatam
610 1780 854 1858 cognoverunt:
881 1793 901 1835 o
940 1783 1125 1840 extremam

72 1857 233 1944 syllabam
248 1857 282 1920 in
298 1857 441 1921 diversas
455 1867 565 1942 partes
578 1856 805 1930 discesserunt.
829 1855 929 1936 Quod
939 1857 1051 1923 Festus
1062 1862 1124 1926 altr

73 1943 252 2007 interntim
278 1941 438 2007 dicebant
464 1941 621 2028 antiqui„
649 1940 852 2033 qnod-,nunc
877 1943 1069 2029 interdum,
1090 1945 1127 2013 id

73 2038 130 2093 aut
160 2029 368 2116 corruptioni
400 2027 541 2112 vulgaris
580 2026 862 2114 pronuntiationis
900 2029 1039 2095 debetur
1070 2030 1130 2097 aut*

71 2114 183 2201 ipsum
202 2125 251 2176 est
267 2124 474 2202 corruptum.
524 2113 657 2178 'samen
682 2112 857 2199 Scioppius
880 2135 922 2178 ex
945 2115 1126 2182 interutim

1159 1744 1298 1942 osu..

72 2199 207 2264 tradidit
222 2197 351 2264 factum.
362 2221 431 2265 esse
445 2198 604 2264 interim:
620 2199 785 2263 rationem
798 2220 868 2262 non
883 2199 1034 2266 reddidit.
1059 2201 1126 2277 Sed
1203 2197 1221 2239 Ὗ
1280 2204 1281 2209 ’

74 2286 115 2350 G.
134 2285 268 2349 Vossius
288 2285 449 2373 syllabam
469 2284 522 2348 im
544 2305 614 2348 esse
638 2283 722 2347 dixit
742 2285 954 2370 pronominis
973 2309 1051 2351 enm
1073 2287 1127 2369 ¹v'nl

64 2390 152 2435 ‘eum
168 2371 352 2434 obsoletam
371 2370 528 2443 formam,
540 2367 745 2454 intelligique
762 2369 853 2433 inter
870 2392 949 2434 eum
962 2394 1055 2445 rem.¹
1087 2370 1128 2439 Id

74 2456 244 2521 affirmans
267 2456 470 2543 Hartungius
492 2455 526 2519 in
551 2454 639 2518 libro
664 2454 705 2517 de
728 2453 864 2538 Casibus
888 2479 920 2543 p.
943 2460 1018 2522 249.
1043 2480 1128 2546 sup·
1179 2457 1182 2465 ’

76 2544 237 2631 pleudum
262 2551 373 2606 censet
400 2540 492 2605 diem
516 2539 567 2604 vel
587 2540 720 2604 boram.
774 2537 876 2619 Quod
898 2555 1128 2610 commentum
1160 2607 1162 2610 ,
1194 2622 1200 2631 ἢ

78 2631 159 2693 certi
178 2629 332 2691 nominis
348 2623 567 2691 substituendi
583 2624 670 2689 haud
686 2626 787 2689 semol
803 2625 900 2688 nobis
916 2628 1131 2695 reiiciendum
1218 2633 1221 2637 ’

77 2726 146 2779 erat
172 2715 204 2776 in
230 2714 282 2776 bis
304 2711 405 2777 libris.
449 2713 620 2776 Praeterea
644 2711 735 2775 Max.
761 2709 963 2776 Schmidtins
987 2715 1027 2779 de
1045 2716 1131 2779 Pro-

77 2823 169 2864 nom.
197 2822 229 2885 p.
247 2804 299 2864 78.
329 2798 411 2879 „hic
435 2796 740 2896 femininiogeneris
764 2798 981 2878 accusativus,
1009 2802 1131 2887 inquit,
1171 2850 1172 2854 ,

78 2907 243 2972 nusquam
259 2885 443 2984 reperitur,
464 2904 634 2981 neque-zm
650 2881 800 2980 neutrius
817 2883 945 2969 generis
962 2906 1033 2950 esse
1048 2895 1130 2972 pota

78 2984 147 3050 est,
161 2972 261 3054 ·qood
278 2994 313 3034 m
328 2994 363 3036 ιιι
378 2971 409 3034 is
428 2975 670 3056 pronomine'a
690 2978 844 3032 neutrius·
860 2969 990 3053 generis
1012 2981 1130 3038 natura
1147 3011 1154 3021 «
1214 2982 1233 3021 ›'

78 3057 246 3122 abhorret.
256 3061 276 3094 “
330 3056 405 3143 Ipse
432 3077 512 3122 vero
538 3053 741 3119 Schmidtius
766 3053 814 3118 im
838 3053 1033 3143 unistimarit
1059 3079 1129 3124 esse

80 3163 192 3206 casum
212 3141 397 3206 -locativum
420 3140 460 3206 in
484 3141 551 3204 sive
568 3140 606 3219 i,
631 3149 664 3204 et
687 3163 712 3204 n
734 3138 767 3202 in
794 3161 829 3203 m
849 3139 994 3205 litteram
1017 3152 1130 3208 mute-

77 3239 147 3290 tarn
169 3248 236 3288 esse
253 3237 449 3314 propterea,
468 3225 559 3312 quod
584 3225 691 3291 Latini
714 3224 857 3312 plurima
880 3227 1037 3293 voeabula
1059 3238 1131 3293 ter·
1194 3223 1197 3227 ⁸

77 3310 447 3377 minassentlitteram.
493 3312 588 3391 Quae
602 3331 714 3374 caussa
733 3310 851 3396 porum
869 3311 964 3376 valet.
1009 3312 1132 3379 Etho-
1200 3327 1201 3333 ’

78 3399 197 3463 bemus
216 3396 369 3461 adverbia
389 3396 496 3461 multa
517 3395 659 3461 verbalis
674 3392 820 3459 eiusdem
834 3397 964 3460 formae
982 3397 1140 3480 divisim,

76 3483 217 3556 statim,
234 3481 384 3572 furtim,
409 3481 552 3564 sensim,
575 3491 608 3545 et
627 3481 689 3545 alia
711 3501 752 3545 ex
767 3481 958 3546 nominibus
981 3485 1132 3550 substan·

78 3571 152 3634 tivis
174 3567 225 3632 vel
242 3568 406 3633 adiectivis
430 3567 533 3646 iacta,
555 3565 703 3646 viritim,
724 3567 929 3652 pertimet
951 3592 992 3634 ex
1014 3571 1133 3637 adver·
1200 3549 1205 3565 ⁴
1237 3632 1240 3637 .

80 3654 137 3719 bio
159 3654 300 3736 iuxtim,
323 3653 441 3741 quibus
458 3657 485 3719 si
500 3673 635 3718 casuum
658 3651 785 3716 formas
809 3652 1041 3736 adscribimus,
1064 3656 1134 3724 veri

79 3761 170 3804 casus
190 3762 347 3805 essenon
369 3749 528 3827 possunt,
551 3752 659 3824 neque
681 3737 732 3801 im
753 3758 900 3822 unquam
922 3739 1054 3807 locativi
1077 3764 1135 3808 ee·
1200 3793 1202 3797 ,

78 3847 133 3890 sus
159 3823 269 3889 officio
298 3827 460 3915 fungitur.
509 3823 658 3890 Tantum
681 3844 760 3888 vero
786 3823 894 3904 abest,
919 3836 955 3889 ut
978 3826 1133 3893 adverbia

26 3961 29 3967 .
80 3912 193 3998 ipsum
229 3934 340 3976 casum
373 3912 553 4002 recipient,
581 3919 620 3974 nt
643 3909 1036 3978 terminationes'eorum
1058 3911 1134 3977 ior-

83 4007 219 4060 mentur
240 3996 274 4061 in
299 3998 440 4063 modum
465 4017 620 4077 casuum,
649 4005 683 4058 et
705 3995 740 4059 in
763 3994 799 4060 'se
826 4007 991 4062 constent.
1043 3995 1136 4078 Quid
1224 4037 1228 4041 ν

83 4082 177 4169 quod
198 4103 290 4148 casos
310 4084 376 4172 ipsi
390 4081 591 4151 adverbiales
611 4091 689 4149 sunt
706 4079 839 4233 fopppe
861 4081 1054 4149 nominibus
1073 4081 1136 4184 ad·
