2654 4770
475 237 740 305 strennuus..
1075 251 1110 311 11
1138 198 1142 205 ⁵

148 389 265 465 specivs
281 404 358 441 esses
374 389 486 458 dumeta
505 397 541 443 est
559 399 582 442 et
602 391 698 456 bbule,
718 407 795 458 quum
809 392 926 446 butanus
938 397 983 448 nic
996 403 1022 450 et
1034 399 1114 451 biems

148 475 238 544 appeti
264 475 373 525 ”ebat
413 474 464 525 Sed
485 492 556 527 rnare
578 481 629 526 etc.
674 476 816 542 Quodnam
837 479 950 531 verbum
969 481 1114 546 exciderit,

144 557 286 611 difficilius
314 557 368 610 erit
391 558 536 610 silirmsre.
586 558 685 626 Cogito
709 560 835 613 Tacitum
859 563 998 630 scripsisse
1028 567 1114 633 appeti

143 644 262 705 sinebat,
279 639 504 707 quemadmodum
519 643 588 694 Anu.
604 641 645 702 14,
660 642 686 694 8.
702 643 785 697 disits
804 653 928 714 quantum
942 665 1030 716 corpus
1046 651 1113 701 sine-

145 728 193 780 bat
209 725 305 778 vadere
323 725 352 775 iu
366 741 444 777 neura
480 725 613 778 Hactenus
630 733 671 780 cst
687 729 837 793 nonullos.

180 825 339 894 symmach.
354 825 405 893 Ep.
419 825 445 891 8,
460 824 503 879 25.
528 829 601 879 credo
618 832 752 883 arbitreris
769 832 956 883 circumsessum
976 849 1017 884 nse
1036 833 1123 886 Can-r

48 911 60 928 ⁸
142 911 241 980 punine
263 910 456 962 amoenitatibus
479 913 603 964 scribendi
623 915 659 966 ad
679 922 703 966 te
720 917 841 967 hactenus
857 917 1040 984 negligentem.
1059 917 1076 968 i.
1089 934 1114 970 o.
1162 960 1164 965 .

145 1010 233 1062 nsque
258 992 292 1045 ad
313 994 366 1046 hoc
389 997 513 1061 tenipus,
541 995 570 1046 in
594 1013 646 1063 quo
669 999 772 1066 scripsi.
812 998 838 1061 8,
858 998 900 1051 id.
925 1017 994 1052 nunc
1013 1002 1116 1054 dernura

143 1082 229 1146 afflue
250 1078 393 1145 voluptate,
415 1079 482 1144 quod
504 1086 529 1132 te
549 1097 670 1133 curarunt
690 1100 798 1135 caesura
816 1084 958 1136 nuntiasti:
991 1102 1053 1136 uam
1074 1103 1114 1138 me

147 1165 268 1216 bactmus
281 1179 367 1214 rerunt
380 1171 483 1214 tuarum
505 1164 650 1217 amaritudo
667 1169 808 1220 mordebat.
840 1166 867 1230 ll,
882 1167 905 1220 8.
923 1187 1034 1238 arguare
1055 1170 1115 1221 diu-

148 1256 255 1300 turnum
277 1246 402 1298 silentium
425 1264 508 1299 meum
528 1264 581 1299 noa
601 1255 686 1316 potes,
722 1251 766 1320 qui
790 1268 830 1304 ate
852 1253 881 1304 iu
902 1269 973 1305 suno
994 1253 1115 1306 comitatu
1177 1315 1182 1319 ⁸

149 1333 272 1384 turma
287 1330 373 1394 fuisse
392 1330 509 1383 didicisti.

181 1431 315 1487 Boethius
328 1432 434 1485 consol.
448 1431 473 1483 t.
490 1449 561 1503 prus.
575 1431 689 1487 socrus
706 1435 768 1488 baec
784 1443 822 1489 est
837 1437 869 1489 de
880 1437 1041 1506 prouidentia
1055 1444 1115 1504 ’puc-

146 1520 202 1572 rela
223 1517 320 1568 -sed
340 1516 411 1568 baud
426 1534 555 1586 puapuans
571 1519 604 1570 ab
623 1519 676 1570 ullo
694 1527 806 1571 uestrum
828 1522 951 1574 bactensis
968 1523 1034 1575 satis
1055 1523 1118 1573 dili·
1205 1524 1211 1535 ’

146 1608 237 1671 genter
257 1617 289 1654 uc
307 1601 423 1668 firmiter
443 1601 570 1670 expedita.
619 1601 717 1655 Paesti
738 1604 839 1671 Poueg.
867 1605 1002 1657 Theodcs.
1023 1605 1065 1669 11,
1089 1603 1115 1658 4.

143 1690 271 1754 parumne
290 1701 346 1749 nte,
377 1686 517 1750 ibeodosi,
537 1686 657 1736 hactenus
682 1687 802 1740 distulere
818 1690 899 1752 fata,
926 1696 955 1740 ut
971 1696 1001 1740 tu
1014 1690 1117 1756 iusuper

147 1777 230 1823 tentes
243 1786 327 1821 noras
348 1785 444 1838 augere
459 1771 587 1834 satorum.
621 1769 663 1823 Cf.
686 1770 725 1822 Io.
748 1772 825 1837 Cosp.
849 1770 952 1824 Khunii
974 1772 1117 1825 Animadv-

150 1853 185 1906 ed
200 1852 303 1905 Vorstii
322 1853 385 1905 libr.
404 1851 483 1918 Spec.
506 1855 531 1917 S.
547 1850 591 1903 27.

16 2032 23 2037 -
164 1957 197 2018 8.
227 1955 314 2018 Haec
336 1953 496 2040 temporis
522 1951 713 2038 significatio
743 1965 880 2040 apparet
908 1955 943 2018 in
972 1955 1117 2021 formula
1147 2022 1150 2031 ,

78 2040 246 2103 badense
270 2050 325 2115 ut,
343 2061 406 2125 pro
433 2038 657 2123 usquedum,
682 2061 718 2102 so
742 2039 846 2125 laage
871 2039 923 2103 uls
945 2037 1013 2104 bis.-
1035 2064 1117 2128 quae

77 2125 278 2210 interpretes
310 2124 399 2190 haud
427 2145 547 2212 partim
582 2121 712 2190 fefellit.
768 2125 887 2189 Poetae
918 2126 1050 2211 quideni
1080 2150 1117 2192 ea

79 2219 237 2275 utuntur.

180 2329 261 2384 orit.
270 2324 347 2383 'rest
363 2328 389 2395 5,
405 2329 465 2383 661.
482 2333 601 2384 bacuane
615 2335 644 2382 ut
657 2329 712 2381 uiuo
729 2329 805 2381 subit
819 2329 938 2382 rorantia
954 2347 1015 2383 sare
1029 2338 1117 2397 outre,

93 2438 97 2443 ·
153 2416 218 2468 huss
233 2432 334 2467 uersum
344 2415 497 2468 sustinuistis
508 2433 598 2482 aquae.
616 2415 704 2481 Vulgo
715 2412 971 2481 itainterpungitur,
988 2419 1018 2467 ut
1028 2431 1120 2468 sensus

153 2499 206 2553 sits
225 2499 357 2551 hactenus
371 2498 497 2566 loquutus
512 2505 553 2551 cst
571 2498 697 2550 Tiberis:
722 2514 803 2564 quunr
816 2504 894 2548 antra
911 2496 1009 2561 subiit,
1032 2514 1120 2565 equae

155 2600 266 2637 cursum
280 2583 470 2636 sustinuerunt.
501 2582 579 2650 Quod
593 2583 693 2634 fulsum
707 2586 734 2633 et
747 2580 878 2648 neptun.
903 2581 999 2648 Aquae
1012 2582 1121 2635 insiste·
1232 2614 1235 2618 -

152 2667 220 2720 bunt
232 2682 316 2734 nsque
330 2666 394 2718 dum
407 2666 532 2730 Tiberis,
551 2665 599 2734 qui
613 2671 693 2734 ceput
707 2666 786 2718 elveo
801 2665 950 2728 extulerat,
968 2665 997 2717 ia
1011 2672 1120 2719 enirm

152 2768 235 2806 mum
256 2751 367 2803 rediret
400 2749 598 2814 transulta
621 2749 723 2819 legitur
743 2752 805 2802 ante
823 2748 962 2803 lulinium:
983 2750 1036 2819 ales
1055 2751 1121 2818 Ityn,

154 2835 264 2904 Sappho
278 2835 387 2889 descrtoe
399 2844 489 2889 cantat
503 2853 611 2889 amores.
646 2836 793 2887 Hactenus:
809 2827 842 2886 =ut
855 2834 938 2885 suedia
952 2840 1036 2886 cetera
1051 2842 1122 2886 nocte

150 2919 241 2972 silem.
288 2919 367 2984 Quae
385 2935 420 2971 ue
442 2920 562 2988 intelligi
584 2919 692 2988 quidem
716 2921 837 2985 possuntt
880 2917 989 2968 Primus
1009 2917 1121 2970 Iahnius

155 3000 295 3063 coniunxit
308 3002 408 3054 verbe:
433 3012 519 3056 cantet
538 3021 635 3056 amores
654 2991 849 3065 buatmus,''‘ut
862 3018 894 3051 m.
909 3017 968 3053 cn.
985 3018 1006 3052 s.
1042 3003 1120 3068 Quae

153 3085 284 3139 Loersius
299 3087 409 3155 exponit
423 3088 482 3141 his:
505 3106 553 3140 nos
571 3088 641 3138 dune
657 3086 692 3139 ud
713 3086 785 3138 hune
805 3100 889 3153 usque
909 3086 1000 3137 locum
1015 3102 1121 3138 umores

154 3177 261 3224 nostru
276 3175 432 3224 cantemus:
450 3177 542 3225 cetere
559 3179 590 3224 ut
603 3171 692 3224 silent.
725 3171 761 3223 nt
781 3169 851 3222 haec
871 3167 925 3223 uisi
949 3168 1024 3222 omni
1042 3185 1122 3227 seusu

153 3261 266 3320 essent,
284 3253 345 3322 ipso
360 3255 508 3323 interprete
522 3256 655 3324 indigent.

171 3362 205 3420 9.
233 3355 455 3432 Tertullianus
473 3380 533 3444 pro
559 3358 633 3420 iam
649 3356 798 3443 posuisse
819 3354 947 3419 videtur
965 3353 1004 3417 de
1022 3354 1123 3418 Pudi-

85 3442 142 3504 cit.
167 3444 219 3504 17.
249 3441 306 3526 qui
320 3439 526 3528 fidebatur,
558 3444 632 3506 iam
655 3464 722 3504 non
741 3438 985 3529 fieretursfsecl
1011 3439 1123 3525 etqui
1182 3444 1184 3447 ’

83 3523 349 3605 moechabatur,
370 3527 531 3591 ltaeteuus
554 3551 622 3591 aaa
645 3525 851 3600 moecbetar,
879 3523 989 3609 etqui
1004 3520 1124 3608 forui-

85 3609 252 3697 cabutup,
280 3612 441 3675 hactenus
462 3636 530 3676 aaa
549 3610 752 3734 fornicetur.
805 3611 870 3674 Sed
904 3608 1041 3672 dubium
1064 3616 1127 3685 este

86 3696 176 3760 Nom
200 3695 277 3759 licet
294 3698 490 3782 coniungere
507 3699 604 3762 verbs
626 3697 686 3759 itu:
705 3693 761 3781 qui
785 3693 1024 3761 moechabatur
1039 3692 1124 3756 ltue-

86 3792 206 3859 senus,
228 3804 296 3844 aare
311 3770 510 3846 moeclteiur.
754 3808 758 3817 ·

177 3870 229 3929 10.
261 3865 456 3946 Terminus,
491 3889 556 3952 quo
582 3866 688 3951 aliqua
714 3885 766 3927 res
796 3863 987 3936 cohibetur,
1015 3869 1126 3948 potest

87 3952 282 4031 esse-ratio,
304 3965 392 4037 quse
406 3961 461 4015 sut
476 3953 659 4015 universnm
678 3948 815 4034 intelligi
831 3956 908 4014 ''rem
925 3957 1021 4033 neget
1040 3946 1124 4008 eius·

87 4057 155 4122 que
174 4037 348 4103 notionem
365 4037 560 4124 singularem
583 4047 738 4117 coerceat,
756 4047 809 4098 atu
823 4034 850 4098 ei
873 4035 1038 4100 minorem
1054 4050 1121 4094 ans⁴
