2654 4770
545 238 548 242 “
617 245 706 326 IAM·
1031 260 1033 264 ’
1124 263 1184 341 teo
1246 286 1248 293 ι

208 399 363 468 quemdum
375 396 468 468 putero
479 403 571 467 putem
587 399 640 468 ipse
653 401 706 471 idm
720 400 793 453 diret
824 419 854 468 p.
877 402 971 456 Flaee.
989 403 1032 470 23,
1050 405 1093 461 56.
1117 412 1186 467 hone

209 490 251 547 te,
270 483 369 550 iuquit,
388 499 477 550 rupere
493 501 546 552 aon
562 483 645 537 licuit.
679 486 776 536 tamid
798 487 898 539 uidero:
921 491 964 541 aed
984 493 1099 560 primum
1119 480 1187 550 illud

209 569 308 620 terrebo.
344 565 404 619 Liv.
418 566 445 630 2,
461 564 505 631 29,
523 567 566 620 11.
584 571 715 639 agedum,
732 570 828 637 iuquit,
846 575 1012 642 dictatorem,
1031 596 1048 629 a
1064 597 1112 646 quo
1123 578 1187 650 pro·

164 725 167 730 .
210 652 310 705 vocatio
325 658 443 715 nonest,
461 668 580 705 creemus.
612 655 671 706 Iam
686 656 744 716 irie,
761 673 809 723 quo
822 675 890 710 nane
900 662 987 713 omnio
1003 664 1107 728 ardent,
1125 683 1187 718 ooa-

209 738 307 789 ticeseet
321 741 410 804 seror.
444 735 620 804 Opponuntnr
633 742 687 793 inm
702 745 729 792 (s
744 760 811 794 nune
831 743 904 810 apud
928 743 1089 800 Ciceronem
1111 750 1187 804 Oret.

208 820 252 888 63,
270 821 331 874 212.
346 821 410 872 ride
426 836 452 887 p.
469 819 527 875 114.
545 822 604 877 Liv.
619 823 646 889 5,
662 824 705 890 36,
720 826 745 879 6.
764 845 837 880 ornae
855 829 916 881 iude
932 838 1034 898 ternpus
1055 849 1187 901 suspensos

207 906 246 958 ito
262 909 342 960 tenuit
357 907 458 958 animos
472 925 551 974 usque
566 909 603 960 ud
618 909 698 962 lucem
721 915 849 976 alterum,
866 922 894 966 ut
914 913 1064 968 idemtidem
1084 902 1137 968 iem
1159 917 1187 987 in

97 1069 102 1077 ι
206 993 296 1044 orbem
306 995 417 1058 futurus
433 992 565 1044 uideretur
583 992 693 1062 impetus
711 997 796 1064 prime
811 999 939 1063 aduentu,
962 1016 1010 1068 quo
1026 1006 1188 1053 arcesserunt
1262 1063 1265 1066 ,

205 1075 243 1128 od
258 1078 359 1131 orbern.
428 1074 431 1078 ⁴

224 1218 275 1277 19.
300 1213 427 1279 Deinde
444 1213 562 1278 dicitur
586 1212 625 1277 de
649 1241 686 1282 re
706 1239 766 1283 suo
791 1228 858 1282 tem
884 1238 941 1280 ore
963 1227 1052 1283 certe
1074 1216 1186 1292 futuru

142 1296 282 1386 ideoque
311 1299 516 1364 confidenter
536 1239 1187 1388 exspuent-sufflamm-

143 1382 283 1448 firmatio
308 1388 397 1448 enim
425 1385 554 1449 add-itur
576 1388 633 1450 rei.
679 1389 970 1469 Quemadmodum
992 1391 1098 1453 nostri
1121 1389 1187 1452 ho-

144 1470 246 1539 mines
263 1471 447 1556 loquuntur
459 1494 500 1536 er
515 1471 605 1547 1νὶνά
616 1476 722 1554 sedeo
734 1475 901 1540 hommem
945 1472 1009 1537 Sed
1034 1474 1187 1561 plerum-

146 1577 205 1639 que
229 1557 263 1620 id
284 1558 542 1643 interpretantur
566 1579 627 1642 per
650 1583 746 1638 mox,
775 1560 909 1625 stetim.
952 1557 1025 1626 vide
1053 1551 1186 1627 Schwass

146 1638 232 1707 bium
252 1641 293 1705 ad
311 1642 447 1706 Phaedr.
466 1645 496 1718 5,
512 1649 543 1720 2,
559 1648 591 1705 6.

237 1763 336 1814 Horat.
355 1761 444 1814 curm.
461 1762 486 1826 1,
502 1759 529 1824 4,
542 1763 585 1816 16.
615 1765 669 1816 iarn
690 1771 714 1816 te
731 1771 829 1833 premet
850 1783 908 1818 noa.
941 1763 1045 1817 Tiball.
1061 1763 1087 1828 1,
1103 1761 1187 1827 utu.

208 1846 263 1898 ium
287 1847 373 1899 ueniet
395 1848 504 1899 tenebris
533 1865 600 1899 arare
631 1849 757 1917 adoperta
786 1857 879 1918 eaput,
905 1851 959 1901 iam
978 1849 1188 1916 subrepetiners

206 1938 297 1993 netas,
314 1948 360 1981 neo
374 1948 464 1983 amore
477 1933 584 1984 decebit.
617 1931 715 2000 Via-gil.
729 1933 797 1985 Aen,
811 1931 844 1998 6,,
853 1930 914 1989 566.
931 1934 985 1986 ioue
1000 1949 1072 1984 mure
1086 1932 1187 1984 turbari

189 2016 323 2066 'trabibus
345 2031 485 2081 suevosque
516 2017 609 2068 uidebis
632 2019 755 2070 uoltucere
770 2023 869 2085 Jonas,
900 2019 955 2071 iam
977 2010 1079 2085 feruere
1107 2018 1187 2068 litora

199 2100 330 2165 flammis.
355 2097 381 2162 6,
395 2095 458 2162 oto&
474 2100 520 2151 hoo
534 2108 652 2168 superate
666 2103 759 2171 iugum
771 2111 799 2154 et
807 2104 889 2170 sacili
902 2104 956 2154 ium
972 2101 1077 2153 tramite
1090 2101 1200 2171 sistam..

211 2183 253 2246 11,
272 2181 331 2235 tut.
349 2202 503 2252 pugnaeque
526 2188 634 2254 accinge
651 2187 780 2255 pedestri.-
796 2189 851 2239 iem
873 2205 975 2249 nascer,
991 2192 1094 2238 ventosa
1111 2187 1188 2250 ferat

208 2269 251 2318 sui
262 2269 351 2336 glorio
366 2271 477 2321 taudem.
1063 2274 1065 2278 ⁸

244 2368 342 2437 virgil.
357 2371 424 2422 Aen.
439 2371 465 2434 6,
481 2370 523 2423 89.
544 2372 611 2423 elius
628 2372 705 2424 Latio
721 2372 776 2424 iam
790 2379 884 2440 portas
898 2373 1019 2426 Achilles.
1037 2371 1085 2425 ubi
1100 2370 1187 2426 miror

210 2454 380 2521 Wagnerum
394 2456 542 2508 reddidisse
559 2457 634 2507 sehon
648 2457 740 2507 wieder
752 2457 794 2507 eiu
810 2457 902 2508 Acoeti.

244 2555 351 2608 Tioult.
363 2560 389 2622 2,
404 2556 429 2622 5,
445 2556 487 2610 55.
507 2560 604 2627 oorpite
618 2575 704 2622 aune,
725 2557 812 2620 tauri,
832 2559 862 2608 de
876 2566 969 2631 septem·
986 2559 1114 2609 montibus
1127 2558 1187 2610 her-

168 2656 174 2671 ·
207 2643 349 2705 1αε,(1αηι
372 2645 447 2694 lieet:
473 2642 513 2693 hio
542 2659 655 2711 magnae
677 2643 730 2693 iam
752 2644 823 2692 loeus
845 2643 914 2692 urbis
937 2642 993 2693 erit.
1028 2640 1096 2692 Stat.
1119 2641 1186 2695 Silv.

132 2734 141 2755 ⁸
210 2725 235 2792 1,
252 2725 277 2790 3,
295 2725 338 2780 88.
356 2729 448 2779 cedant
463 2744 530 2795 praee
544 2735 570 2777 te
584 2728 638 2776 ium
656 2727 747 2778 solitus
763 2727 839 2778 oretis
859 2728 934 2778 ontio
953 2727 1068 2777 nimboso
1084 2743 1187 2777 revocu-

209 2812 270 2863 tunt
292 2814 373 2864 litora
398 2813 498 2863 bruma.
534 2811 652 2862 Phaedr.
674 2808 700 2874 5,
715 2809 740 2875 2,
755 2809 781 2861 6.
804 2811 858 2862 ium
880 2811 975 2861 curedo
997 2810 1107 2872 sentior.
1126 2827 1187 2877 quos

207 2898 351 2950 attentarit.
370 2896 388 2949 ἰ.
403 2914 428 2948 e.
444 2896 487 2947 tots
501 2897 553 2947 auid
568 2897 614 2947 ihu
632 2895 707 2946 sehon
718 2896 817 2962 frideloo
838 2896 931 2947 tossen.
965 2895 1076 2946 Peteon.
1092 2892 1143 2958 16,
1159 2893 1186 2944 2.

204 2982 294 3048 uperi,
313 2982 413 3049 inquit:
436 2983 491 3035 iam
512 2981 582 3035 eries.
601 2978 661 3032 ite.
687 2980 779 3033 morire
798 2997 848 3033 aar
865 2985 921 3047 aas.
956 2980 999 3031 Do
1019 2979 1187 3033 wirstsehon

202 3067 336 3133 ersoiuea.
1183 3067 1186 3073 '

223 3204 277 3263 20.
303 3200 365 3263 Sed
381 3200 602 3286 quaerendum
614 3211 672 3280 est,
687 3222 768 3276 num
782 3202 855 3278 iem
865 3221 930 3285 pro
937 3221 1026 3278 nune
1041 3211 1187 3286 pppntm

148 3279 182 3348 de
208 3307 246 3348 re
294 3289 443 3349 raesenti.
486 3287 554 3369 Nee
572 3289 683 3375 negari
704 3297 830 3378 potest,
856 3288 1055 3370 antiquiores
1074 3297 1185 3372 poetas

144 3379 175 3432 et
195 3376 312 3456 postea
334 3367 415 3434 aiios
441 3373 618 3459 scriptores
644 3372 804 3458 quosdam
829 3393 904 3433 oum
932 3371 1030 3455 vulgo
1066 3370 1185 3434 confu-

143 3454 225 3519 disse
241 3455 322 3519 haee
340 3457 508 3520 voeabula.
543 3458 773 3521 prudentiores
791 3468 899 3519 autem
914 3455 987 3519 iam
1004 3477 1072 3518 non
1089 3479 1187 3520 usur-

141 3540 280 3626 pabant,
307 3543 369 3605 nisi
402 3565 475 3606 oum
502 3544 643 3627 quadam
682 3543 891 3629 oppositione
926 3551 981 3604 aut
1013 3563 1087 3604 oum
1116 3543 1186 3605 dis·
1248 3624 1252 3630 Ι

140 3627 300 3690 tinctione
325 3630 390 3705 rei,
414 3641 469 3692 aut
492 3629 525 3691 in
543 3628 750 3712 gradatione,
773 3649 837 3712 qua
854 3627 971 3689 dieitur
987 3649 1040 3690 res
1063 3650 1102 3690 eo
1127 3649 1186 3691 us-

141 3716 205 3797 q'ue
222 3715 441 3798 'proeessisse'
484 3712 611 3776 Indioat
634 3715 723 3778 enim
747 3714 819 3776 i'om
846 3714 1020 3776 transitum
1051 3735 1091 3776 ex
1123 3713 1186 3780 alia

138 3797 269 3862 actione
284 3799 318 3861 in
334 3799 430 3862 oliam
447 3796 570 3862 factum
588 3809 619 3863 et
642 3799 928 3887 consequentiam,
950 3797 1093 3884 ideoque
1116 3821 1186 3861 non

136 3883 243 3946 modo
269 3905 347 3946 eum
374 3887 551 3971 praesenti,
585 3886 642 3948 sed
675 3909 749 3949 oum
789 3885 942 3950 omnibus
978 3884 1186 3968 temporibus

134 3971 230 4033 verbi
250 3973 479 4054 componitur.
529 3972 615 4034 Hine
641 3993 718 4035 vero
742 3971 798 4053 fis,
824 3983 860 4035 ut
885 3971 958 4033 iam
980 3969 1022 4031 sit
1045 3991 1085 4031 ex
1117 3967 1184 4033 hoc

134 4065 311 4142 tempore,
335 4077 399 4121 ron
414 4057 575 4136 nure-,w
593 4057 856 4138 etiamtandem,
877 4079 949 4122 uua
965 4053 1111 4134 endum,
1134 4054 1186 4121 vel
1257 4070 1260 4075 ’

429 4194 451 4241 s
