2632 4770
563 269 649 334 ira.
1064 285 1128 349 osa
1212 293 1215 297 ⁴
1248 217 1251 223 Ι

140 441 196 477 uem
220 436 355 475 romanum
375 435 442 484 esse,
469 427 495 472 ct
520 438 538 471 a
559 421 674 475 Samnite
694 423 814 493 legatum
835 424 1125 487 romanum''oiolntum.

36 532 40 539 ·
141 506 197 559 cte.
213 505 248 557 ds
265 504 319 561 011.
334 503 361 566 2,
378 502 405 568 ii,
420 503 464 555 66.
482 521 548 571 poce
562 504 585 556 si
602 505 706 575 longior
721 511 925 578 suscitarant,
944 532 1001 566 cum
1015 520 1123 587 mugni-

141 586 230 644 tudine
243 590 363 642 utilitatis
381 597 550 656 comparetur.
585 590 626 641 lta
640 595 757 658 fortasse
776 596 855 647 etium
870 597 968 650 meaios·
987 591 1135 656 attelaus(

142 671 295 741 Quintili,
310 674 336 736 1,
353 671 396 722 31.
407 671 441 749 76,
457 673 483 735 2,
498 671 540 724 34.

158 780 216 839 13.
231 773 270 836 In
286 773 456 836 narrandis
479 772 576 836 rebus
600 774 652 838 ita
677 769 843 856 concludit
866 781 1118 864 expositionem,

25 907 26 911 ,
73 871 105 926 et
123 850 650 945 brevitffillmsiffirleotiam
663 885 671 922 :
684 853 1119 953 ''sifffifflttm‘ttt‘utffqua

71 957 125 1011 aut
158 945 308 1010 adiicitur
335 953 486 1023 eventus,
519 953 573 1006 aut
603 944 761 1009 iudicium
792 949 970 1033 apponitur
997 954 1117 1032 omnia,

71 1039 454 1118 quae-nar·ratae1·ant‚
492 1027 526 1090 iu
557 1049 661 1093 unum
696 1031 863 1117 colligens.
919 1033 1116 1122 Plerumque

70 1128 180 1180 autem
196 1135 319 1176 nexum
339 1134 377 1176 eo
400 1111 500 1174 modo
518 1112 658 1189 indicat,
684 1136 753 1199 quo¹
768 1117 924 1180 Germani
938 1117 1051 1183 dieunt
1065 1145 1115 1202 so,

68 1199 301 1286 untfflseu
320 1195 355 1260 V
357 1195 548 1261 metantes.
590 1197 627 1260 Id
645 1221 740 1286 saepe
757 1200 949 1286 simpliciter
964 1203 1003 1266 ad
1022 1227 1114 1270 caus-

68 1289 139 1350 sam
154 1283 255 1348 refert
277 1304 368 1361 rem,
392 1292 428 1345 ut
451 1304 554 1367 possis
579 1283 744 1370 explicare
766 1285 817 1348 vel
843 1285 920 1347 ideo
944 1287 994 1351 vel
1018 1314 1111 1355 uum.
1208 1292 1210 1299 ’

68 1373 118 1437 De
148 1391 208 1433 usa
238 1369 382 1432 Sallustii
416 1367 487 1430 side
516 1368 667 1431 Curtium
693 1380 725 1432 et
746 1370 944 1454 Herzogium
972 1371 1010 1434 ad
1040 1376 1110 1438 Cat.

68 1460 121 1537 55,
138 1461 169 1520 6.
195 1454 235 1516 de
254 1474 312 1516 usa
329 1451 418 1516 verbi
435 1447 532 1526 οὕτως
547 1454 587 1530 in·
599 1451 749 1520 finiendis
764 1454 1008 1521 narrationibus
1025 1461 1112 1546 apud

69 1541 277 1606 Herodotum
293 1536 347 1601 vd.
366 1541 396 1618 5,
413 1538 465 1602 65.
488 1539 699 1616 6,135,140.
721 1570 722 1576 1
784 1540 787 1547 '
1116 1565 1118 1568 ⁴
1156 1537 1161 1552 ·

169 1660 260 1712 Plani.
276 1658 358 1710 Poen.
373 1658 399 1721 1,
413 1656 438 1720 2,
454 1654 515 1708 148.
542 1657 647 1710 domare
661 1660 780 1712 insanisti
795 1677 835 1710 nte
857 1659 1039 1723 lundrensi,
1065 1661 1109 1717 sed

135 1747 234 1796 senties.
267 1744 335 1795 Dum
350 1751 375 1795 tc
391 1749 522 1810 suspecto,
541 1758 617 1808 neque
631 1759 740 1811 usquam
758 1742 839 1795 suan
860 1744 926 1801 milti
947 1744 1045 1812 paraui
1068 1761 1110 1794 co·

132 1830 221 1897 piam,
239 1843 318 1892 usqae
331 1827 397 1878 istuc
414 1843 522 1893 nsquam
539 1836 658 1894 apparet.
690 1828 733 1880 lta
747 1828 906 1879 naueseroio
921 1827 1001 1878 nilrila
1016 1828 1108 1879 minus.
1142 1852 1147 1861 1

133 1912 192 1964 Lis.
207 1909 232 1975 4,
253 1907 280 1973 4,
293 1909 317 1963 i.
345 1911 383 1963 ito
400 1911 499 1979 legati,
517 1928 594 1978 quum
610 1929 637 1964 se
658 1929 712 1966 rem
729 1914 860 1979 integram
882 1912 1007 1967 relaturos
1028 1911 1108 1962 diuis·
1135 1930 1138 1938 ¹

134 2003 202 2056 sur,
221 1995 323 2045 comiter
344 1994 450 2046 orasset.
486 1980 812 2060 otc.rur.2‚5t,'1m.
835 1997 875 2046 ssa
891 1995 959 2044 rurs
979 1994 1046 2044 risus
1062 2009 1108 2046 su-

132 2079 271 2130 cerdotium
293 2078 481 2146 amplissimum
506 2097 554 2149 per
584 2082 653 2132 horre
683 2082 810 2133 cntionem
831 2079 1000 2130 'l'iseomnusto
1021 2077 1107 2127 datur.

130 2163 212 2215 Tusa.
237 2160 264 2225 5,
286 2160 329 2224 23,
351 2158 393 2210 66.
426 2170 537 2214 narrate
567 2179 598 2214 re
620 2162 710 2216 addit:
736 2163 774 2217 ita
800 2163 957 2224 nobilissima
982 2161 1107 2216 Graeciae

133 2249 192 2298 urbs
209 2275 243 2284 —
261 2247 303 2297 sui
317 2246 379 2295 ciuis
401 2239 479 2296 utrius
504 2248 646 2301 acutissimi
665 2253 854 2303 monumentum
875 2245 1034 2314 ignorasset,
1055 2246 1107 2296 nisi

130 2332 163 2381 ab
177 2330 278 2380 homine
291 2328 417 2395 Arpinate
428 2329 565 2382 didicisset.
599 2328 709 2383 Sallust.
725 2332 782 2382 Get.
797 2329 840 2392 61,
854 2328 880 2379 1.
897 2328 937 2381 ita
947 2329 1031 2380 uincti
1043 2345 1105 2382 suec
1169 2384 1171 2388 ,

129 2414 290 2480 hostiamque
305 2413 375 2462 uitae
391 2413 463 2463 iusta
476 2421 649 2481 pepercerant.
682 2416 761 2466 llaec
779 2412 854 2464 addit
862 2411 890 2462 in
906 2416 1026 2463 extrema
1038 2427 1105 2464 ner·
1155 2484 1159 2490 ι

129 2499 244 2549 ratione.
279 2492 387 2557 (16155,
396 2491 421 2544 6.
439 2497 479 2547 lta
490 2498 665 2566 iltepotricins
680 2527 714 2535 —
730 2499 841 2567 dignum
854 2497 964 2547 moritus
974 2497 1104 2562 sectisque

129 2585 182 2636 suis
199 2580 301 2631 esitium
316 2581 387 2632 citus
403 2579 505 2647 inuenit.
539 2583 599 2651 lug.
614 2581 658 2646 31,
673 2579 715 2632 13.
735 2598 800 2649 pars
813 2596 898 2632 eorum
920 2579 1038 2629 occidisse
1057 2580 1104 2629 tri-

128 2670 205 2718 banos
218 2664 315 2733 plebis,
334 2665 382 2716 olii
395 2666 555 2732 quaestiones
572 2668 697 2728 inientes,
715 2660 828 2732 piscique
844 2663 945 2715 caedem
960 2663 989 2713 in
1003 2679 1045 2713 uos
1056 2667 1103 2728 fe-

130 2751 192 2802 cisse
204 2765 254 2817 pro
267 2750 424 2801 munimento
441 2750 539 2802 lrabeat.
573 2751 615 2803 lto
630 2767 708 2818 mom
718 2748 821 2816 quisque
834 2763 949 2815 pessume
956 2747 1029 2814 fecit,
1048 2754 1102 2799 tam

128 2850 247 2886 masone
262 2838 334 2886 tutos
349 2841 396 2886 est.
429 2834 567 2888 Elastiai
585 2832 663 2886 libris
676 2831 801 2898 exempla
818 2829 932 2902 collegit
949 2829 1101 2884 Beaeclrius
1192 2880 1195 2889 ,

127 2913 299 2981 atauus.

162 3021 221 3072 Lis.
236 3019 261 3085 1,
278 3020 321 3085 16,
335 3020 362 3074 3.
381 3038 413 3074 ne
429 3020 590 3074 Crustumini
605 3019 707 3088 quidem
727 3025 803 3089 atque
816 3018 977 3097 Antemnates
990 3031 1038 3082 pro
1055 3010 1099 3064 arss

127 3107 189 3157 dore
209 3106 297 3172 iraque
320 3106 513 3159 Caeninensium
534 3105 598 3156 sutis
617 3121 643 3156 se
662 3105 775 3176 impigre
798 3107 909 3155 movent.
950 3100 992 3150 lta
1009 3116 1057 3169 per
1073 3114 1100 3150 se

128 3190 211 3259 ipsam
225 3207 315 3241 manen
333 3191 474 3242 Caeninum
489 3189 518 3240 in
532 3205 628 3257 agrum
644 3204 784 3240 romanum
805 3186 929 3254 impetum
940 3183 1027 3249 faetta
1038 3179 1057 3233 i.
1073 3197 1099 3232 s.

127 3290 221 3340 nuere,
244 3273 310 3324 ideo.
352 3275 394 3326 Gi.
414 3272 549 3326 Drekonb.
571 3272 606 3326 ed
621 3269 665 3336 34,
679 3269 722 3337 33,
735 3269 761 3322 5.
797 3269 842 3322 Sic
863 3265 996 3337 explicari
1010 3264 1111 3353 ¹desiset<

127 3356 215 3408 Tacit.
239 3358 305 3425 tgr.
325 3358 350 3409 2.
374 3359 423 3410 uhi
445 3359 485 3409 ita
505 3373 560 3408 non
573 3355 608 3408 ad
624 3363 654 3409 ut
668 3358 789 3424 spectet,
807 3353 879 3423 quod
893 3351 1032 3420 sequitur,
1048 3350 1098 3429 'sed

127 3444 161 3494 ud
179 3440 373 3494 antecedentia.
407 3440 515 3494 Sueten.
532 3441 611 3493 Caes.
628 3439 670 3494 66.
1041 3448 1043 3453 ’

127 3569 129 3573 ’
160 3546 273 3600 Sallust.
291 3544 349 3596 cns.
366 3543 394 3608 8,
408 3543 434 3595 4.
451 3545 492 3595 ito
511 3560 617 3605 eorum,
634 3542 678 3610 pai
691 3559 723 3594 ea
737 3544 838 3608 fecere,
853 3539 936 3591 cirtm
956 3544 1035 3591 tanta
1048 3537 1096 3588 isa-

125 3631 212 3694 tetur‚
230 3638 353 3697 quantum
366 3629 520 3683 vertissem
536 3634 641 3697 potuere
654 3627 769 3679 estotim
780 3624 920 3705 messione
935 3622 1052 3692 ingenio.

144 3732 194 3792 tt.
219 3731 411 3795 Praesertim
428 3727 461 3793 in
477 3730 515 3794 iis
530 3739 725 3814 usurpatur,
748 3747 831 3814 quae
854 3726 1015 3809 rationem
1038 3743 1097 3786 eo-

59 3836 267 3901 rumkquae
289 3817 374 3880 dicta
398 3825 494 3897 sunt,
522 3837 561 3880 eo
587 3813 748 3894 reddunt,
779 3821 814 3874 ut
840 3801 1132 3875 viis‘'”c‘“d“1s''dit'iii'ris'''''

59 3900 110 3967 vel
128 3894 592 3983 magffiuffl'‘wl“·b'onitute
614 3899 662 3963 rei
688 3919 835 3964 caussam
860 3919 929 3962 esse
953 3895 1095 3984 positam

59 3986 229 4064 indicent,
258 3984 421 4071 imprimis
450 3987 505 4048 ubi
534 3985 693 4073 particula
716 3982 846 4066 additur
875 3978 1037 4047 adiectivis
1064 3984 1096 4036 et

58 4071 231 4138 adverbiis.
255 4068 421 4161 Significat
434 4072 534 4157 igitur
547 4081 693 4153 tautum,
712 4068 812 4153 adeo,
833 4090 871 4134 so
888 4067 966 4134 seir
979 4063 1030 4130 vel
1046 4083 1095 4124 so.
