2632 4770
293 336 296 347 Ι
383 299 385 302 ⁴
452 244 695 353 inunum.
1059 255 1121 318 417
1219 207 1222 211 ⁵

161 404 218 458 Cic.
235 423 261 472 p.
277 404 384 457 Cluent.
397 403 447 468 30,
463 399 508 455 82.
536 401 783 470 Quoto,
804 419 884 469 quum
906 419 1003 471 carasca
1020 406 1049 459 in
1070 410 1122 464 ista

127 493 298 544 meditatione
310 496 430 541 versatur
446 504 498 539 -ε
517 505 596 555 qaum
612 486 712 537 interea
726 484 887 538 cantianae
898 493 1023 556 pecuniae
1044 498 1123 548 resti-

128 577 206 645 giam
222 576 323 626 anitum
344 573 471 624 invenitis.
507 570 568 622 btv.
581 569 608 634 5,
625 567 668 632 54,
688 566 714 620 5.
733 570 801 620 iuter
817 578 853 622 tot
868 577 1020 629 veterrimos
1034 598 1122 649 popu.
1152 591 1305 657 m

128 663 166 712 los
182 661 282 712 tamdiu
297 659 365 710 telle
384 658 488 726 geritis,
502 672 580 724 qaam
596 655 696 707 interca
711 682 745 691 —
759 670 812 705 aon
826 654 947 710 cainaea
963 661 1076 716 Etruria
1132 671 1220 725 Q,
1270 665 1274 669 ·

128 746 191 797 bello
212 745 281 796 votis
293 760 353 819 prmv
362 749 409 795 cet.
988 774 991 779 *
1120 732 1158 780 *C*
1171 739 1177 759 ,-
1189 736 1206 745 -

165 847 267 900 Catuli.
283 845 343 909 lut,
359 842 386 895 7.
407 849 577 897 cunctamen
599 843 721 906 interea,
735 843 822 912 prisco
843 860 910 912 qaae
932 837 1003 900 ruore
1021 822 1153 918 perca-¹²·

128 941 186 986 tum
200 933 306 983 tradita
321 936 381 981 sant
396 930 482 981 tristes
504 945 613 980 munera
636 929 672 979 ad
692 929 817 1008 inferiae,
835 920 929 997 accipe.
946 927 965 982 i.
983 948 1007 984 e.
1025 950 1060 988 ne
1073 938 1120 992 la·
1254 974 1316 1045 m

22 1020 24 1024 ’
82 1063 85 1070 f
126 1018 216 1069 ctibns
233 1016 401 1084 indulgeam.
436 1012 525 1064 Aliter
541 1012 640 1065 Cicero
655 1010 688 1063 dc
703 1009 779 1064 Orat.
797 1011 822 1075 1,
838 1010 883 1077 42,
901 1010 960 1065 191.
980 1025 1058 1086 atque
1079 1024 1121 1076 in.

126 1100 196 1174 tg'gcc
211 1101 399 1176 tamechtam
413 1100 478 1151 baec
492 1115 558 1165 qaae
573 1099 690 1167 dispersa
707 1103 783 1160 mat,
800 1106 943 1166 cogantur,
966 1105 1006 1154 oet
1019 1109 1127 1173 porrina
1188 1094 1189 1097 Ἴ

129 1173 198 1240 licet
210 1175 359 1256 carpentem
375 1192 402 1237 et
425 1184 594 1255 colligentem,
608 1183 721 1251 undique
742 1182 838 1249 repleri
859 1183 929 1234 iusta
951 1186 1016 1238 iaris
1037 1193 1121 1245 civilio

129 1273 245 1324 scicntia.
280 1267 378 1338 Virgil.
401 1268 462 1320 Ect.
484 1266 511 1330 1,
531 1266 574 1319 58.
598 1285 644 1319 aec
665 1275 757 1319 tamea
773 1266 988 1321 interec'raacce
1011 1299 1043 1311 -
1058 1257 1207 1357 ‘pa-istm

128 1358 243 1421 latntes,
258 1373 305 1408 aec
317 1365 422 1424 gemere
438 1353 512 1406 ucria
526 1353 635 1404 cessabit
649 1360 739 1404 tartar
754 1352 787 1403 ab
805 1351 884 1402 almo.

146 1496 177 1555 8.
212 1492 355 1577 Antiqua
378 1488 445 1554 fuit
469 1487 673 1553 consuetudo
703 1488 945 1564 interec‘cum
976 1496 1118 1562 uenitivo
1184 1504 1186 1511 '

60 1577 225 1663 ioci,‚,qui
243 1599 307 1664 pro
334 1564 488 1662 tempore
510 1575 579 1638 sive
602 1575 767 1660 temporis
787 1573 980 1642 conditione
1008 1603 1120 1648 nomi·
1144 1593 1148 1599 '

57 1658 224 1741 nitimur,
255 1662 444 1748 copulandi.
503 1659 568 1725 Sed
592 1670 669 1746 post
690 1659 962 1745 comicos'nemo
995 1667 1038 1730 ita
1066 1669 1120 1732 lo·
1250 1689 1253 1693 ’

63 1760 187 1832 quntus
213 1757 281 1825 est,
314 1750 374 1811 etsi
404 1744 491 1834 apud
520 1745 710 1809 Sallustium
736 1745 874 1832 legimus
890 1760 1017 1832 postea
1042 1753 1119 1818 loci.

62 1833 278 1897 Grammatici
295 1843 418 1907 veteres
436 1832 519 1909 banc
535 1832 758 1917 compositam
779 1833 958 1897 dictionem
982 1839 1039 1920 ¹uni
1063 1861 1134 1904 ac-·

62 1919 172 1981 centai
202 1917 459 1997 submittebant,
491 1927 523 1982 et
546 1917 757 1980 scribendum
792 1917 1037 1986 arbitrabantur
1062 1927 1120 1990 in·
1189 1935 1196 1955 ‘

61 2003 235 2068 tereulcci.
277 1999 432 2068 Diomed.
450 2026 484 2090 p.
500 2005 576 2067 428.
598 2003 750 2082 Priscian,
769 2001 810 2065 de
825 2006 955 2069 Accent.
973 2031 1007 2094 p.
1026 2015 1121 2079 1288,

61 2087 276 2175 ambiguitas
293 2110 376 2154 vero
389 2087 646 2174 pronuntiandi
660 2111 764 2173 saepe
783 2088 894 2175 legem
919 2107 1120 2162 accentuum

54 2174 242 2261 perturbat
250 2203 267 2252 ,·
282 2186 320 2239 ut
334 2174 367 2239 u·
388 2174 462 2260 qtiis
486 2174 584 2239 dicut
602 2174 781 2239 interea
803 2175 908 2255 loci,
927 2179 985 2264 qui
998 2186 1118 2267 nescit,

61 2272 177 2325 utram
208 2257 305 2324 dicat
337 2259 487 2324 alteram
513 2270 656 2346 portem
693 2260 871 2324 interea
905 2274 936 2326 et
971 2265 1121 2335 alteram

61 2346 169 2425 loci,
191 2344 281 2432 quod
296 2368 365 2409 non
382 2345 592 2430 separatim,
614 2344 676 2408 sed
695 2344 754 2408 snb
778 2369 845 2409 uno
869 2362 1010 2414 accentu
1033 2376 1120 2440 pro·
1216 2400 1219 2406 -

62 2430 305 2509 nuntiandam,
318 2442 386 2508 est,
407 2453 449 2495 ne
470 2429 736 2517 ambiguitatem
759 2431 794 2495 iu
816 2454 970 2499 sermone
984 2434 1123 2524 saciati

63 2518 141 2597 (Atii
160 2517 259 2580 codd.
274 2514 416 2602 z'deoque
433 2515 522 2579 amb.
537 2515 574 2578 ia
590 2538 616 2578 s.
624 2512 732 2602 facit.
754 2517 843 2602 quod
861 2540 929 2581 non
948 2536 1120 2608 praestat.)
1219 2590 1225 2605 ,

62 2605 106 2668 At
122 2603 271 2666 Kritzins
293 2601 491 2665 ad.Saiiust.
518 2599 587 2686 lug.
604 2605 657 2680 63,
678 2605 709 2666 6.
731 2602 901 2688 analogiae
926 2627 1038 2672 natissa
1067 2613 1120 2677 di-

63 2691 131 2754 visa
150 2690 246 2752 verba
264 2686 408 2751 scribere
425 2686 515 2750 iubet
530 2686 621 2749 inter
643 2709 684 2751 eo
711 2687 787 2752 loci.
818 2691 1061 2759 Pronuntiatio
1086 2699 1120 2764 in
1160 2698 1163 2703 ’

63 2774 115 2838 bis
132 2774 361 2860 maximopere
379 2770 479 2846 valet,
505 2795 564 2837 nec
582 2771 668 2834 cedit
683 2776 905 2859 grammaticis
924 2784 1119 2868 praeceptis.
1144 2774 1147 2781 ¹

59 2859 168 2924 Etiam
189 2861 285 2925 verba
307 2859 343 2923 in
363 2858 526 2946 scriptura
543 2856 683 2923 discreta
704 2860 961 2929 continebantur
983 2870 1120 2938 notione

61 2956 254 3010 etaccentu.
454 2971 456 2975 ’
647 2960 648 2963 ’

42 3126 46 3133 ,
164 3041 254 3118 Plani.
271 3065 297 3127 1,
315 3065 342 3129 l,
359 3064 402 3117 11.
429 3066 531 3118 interea
555 3063 606 3116 ioci
624 3070 672 3117 ant
696 3039 761 3117 cera
784 3071 832 3118 out
853 3067 940 3121 anam
964 3097 999 3108 -
1023 3080 1119 3133 tentat.
1223 3114 1225 3118 .

132 3150 231 3200 Pseud.
250 3148 275 3212 1,
292 3149 317 3212 3,
336 3149 379 3201 32.
399 3149 472 3200 Men.
490 3147 516 3211 3,
533 3147 557 3213 1,
574 3148 600 3199 l.
617 3150 731 3201 Terent.
749 3149 818 3202 Eun.
834 3150 861 3217 2,
877 3152 903 3217 2,
918 3149 961 3204 24.
980 3156 1043 3209 dum
1057 3161 1122 3214 baec

135 3235 279 3301 loquimar,
306 3235 405 3285 interea
424 3233 474 3284 loci
495 3233 698 3298 cumaculam,
721 3236 765 3286 abi
781 3239 948 3301 advenimus,
967 3241 1122 3300 concurrunt

134 3323 186 3368 etc.
220 3318 321 3368 Heant.
336 3316 362 3381 2,
381 3317 406 3381 3,
423 3315 466 3368 16.
484 3318 553 3369 Eun.
570 3317 595 3380 1,
610 3317 636 3380 2,
652 3315 695 3368 46.
712 3318 849 3373 Pacuvius
871 3324 943 3391 apud
958 3323 1077 3380 Nonium
1099 3348 1121 3382 r.

134 3418 161 3454 v.
173 3403 252 3468 flocti
267 3397 293 3464 8,
308 3400 351 3454 32.
369 3403 469 3477 interea
487 3402 622 3467 lociflacti
631 3403 801 3469 flacciscnat,
819 3408 941 3459 silescant
953 3413 1038 3478 venti,
1056 3415 1121 3467 mol·

132 3488 199 3539 litor
216 3503 296 3538 marc.
329 3485 373 3538 lta
388 3484 462 3537 enim
475 3490 517 3538 est
532 3485 708 3538 scribendum
724 3504 773 3554 pro
789 3491 886 3543 interca
902 3492 967 3544 loca.

148 3626 180 3685 9.
203 3622 361 3714 Historjgi
378 3621 438 3686 bac
456 3621 618 3710 particula
635 3632 774 3688 utuntur
796 3625 828 3688 in
846 3616 1120 3711 transgrediendo

65 3707 105 3772 ad
123 3707 200 3770 alias
219 3696 451 3772 res'bon'tinuo
466 3718 620 3790 tempore
636 3706 749 3772 tactas.
793 3711 860 3791 Qui
876 3732 952 3775 usus
973 3738 990 3778 a
1014 3719 1121 3798 poetis

65 3792 166 3879 epicis
183 3794 349 3858 transiisse
367 3795 497 3859 videtur
514 3795 554 3858 ad
572 3791 784 3859 historiarum
806 3807 968 3862 auctores.
1004 3803 1122 3888 'Wag-

65 3900 164 3942 nerus
180 3879 212 3940 in
236 3879 371 3957 Quaest.
389 3880 504 3968 Virgil.
519 3884 550 3944 7.
573 3903 605 3967 p.
623 3885 698 3946 898.
721 3892 751 3946 et
780 3881 818 3944 ad
838 3885 918 3946 Aen.
938 3891 989 3964 11,
1008 3893 1036 3950 1.
1058 3889 1122 3949 do-

65 3966 131 4026 cuit
166 3963 301 4027 interea
333 3987 409 4028 cum
435 3963 583 4052 perfecto
616 3966 844 4054 compositum
871 3969 1053 4057 significare
1077 3971 1122 4052 id,

64 4047 156 4136 quod
166 4060 372 4137 postquam:
396 4051 487 4139 quod
504 4051 650 4118 alienum
665 4054 706 4118 ab
718 4055 789 4142 ipsa
806 4055 978 4142 particula.

130 4157 189 4224 ill.
378 4195 382 4202 ·
789 4167 831 4228 27
