2632 4770
213 267 278 331 ses
309 286 313 301 =
669 227 820 336 lutea.

48 488 50 493 ,
214 417 318 484 butiri
335 420 451 487 instar.
496 422 793 501 Quemadmodum
817 425 976 498 interce,
998 423 1042 488 ita
1059 421 1159 486 etiem
1185 400 1275 484 dice-

144 511 148 516 ’
214 503 314 657 qqnqr
330 507 421 659 i2rc3ter
434 508 537 595 ipsos.
580 510 652 574 vide
665 510 806 576 Badium
830 522 862 575 et
880 508 1051 600 Spalding.
1069 509 1110 573 ad
1130 509 1274 590 Quintil.

257 637 268 668 5
305 641 315 674 7
379 639 389 659 ⁰

322 735 380 787 Cic.
402 735 437 787 de
455 736 532 791 Orat.
545 739 577 803 l,
592 737 625 806 8,
639 734 683 790 32.
704 740 774 808 quod
795 739 963 808 colloquimur
984 736 1051 788 inter
1067 753 1123 790 nas.
1162 734 1197 786 dc
1211 734 1272 788 Ftn.

283 816 308 883 3,
323 818 365 885 211,
380 818 424 872 66.
441 824 511 876 inter
526 832 684 876 nosnatura
700 826 736 877 ud
752 825 852 876 ciuilem
874 825 1081 876 communitatem
1098 826 1234 879 coniuncti
1249 836 1273 881 et

282 906 422 957 consociati
434 925 532 960 sumus.
567 909 601 959 ad
616 909 694 960 Fam.
715 907 747 973 6,
759 907 810 974 22,
826 906 852 960 5.
869 911 972 962 utinam
993 909 1069 961 liceat
1087 937 1122 946 -
1141 912 1213 965 inter
1228 932 1272 965 nos

282 994 400 1055 conferre
414 993 601 1045 sollicitudines
614 1001 727 1047 nostras.
760 995 852 1048 Plaut.
869 995 954 1046 Truc.
968 993 995 1058 2,
1008 991 1036 1059 4,
1050 992 1095 1047 311.
1106 1012 1186 1064 quum
1203 998 1273 1052 inter

277 1089 324 1127 nos
340 1062 499 1130 sorderenius
512 1079 578 1131 alter
594 1080 681 1131 atteri.

318 1177 377 1230 cic.
392 1180 456 1232 Div.
472 1181 500 1232 in
518 1182 600 1235 cacc.
616 1182 658 1245 ll,
673 1180 717 1233 31.
728 1182 813 1249 facilc
831 1199 918 1235 omma
931 1180 1096 1252 intelligent,
1114 1183 1184 1234 vobis
1202 1184 1269 1237 inter

279 1279 324 1314 aas
343 1291 379 1305 -
395 1268 555 1319 voluntalem
564 1268 650 1333 fuisse
668 1268 839 1320 coniunctam.

315 1368 406 1421 Plaut.
422 1368 484 1420 11111.
499 1367 525 1434 5,
539 1368 584 1420 39.
600 1371 665 1422 nillil
681 1373 812 1422 cessarunt
824 1368 894 1421 illico
910 1369 1021 1421 osculari
1035 1334 1111 1438 atque
1125 1372 1269 1440 amplexari

277 1450 345 1506 inter
358 1471 393 1505 se.
427 1457 540 1509 Terent.
553 1454 604 1507 Aa.
617 1454 643 1520 5,
658 1455 684 1518 3,
702 1452 747 1506 42.
765 1455 833 1506 inter
852 1471 879 1507 se
897 1472 995 1508 amare.

317 1572 375 1625 cic.
390 1576 425 1627 dc
438 1575 526 1630 Amic.
540 1577 585 1641 22,
599 1575 644 1630 82.
664 1592 744 1644 acque
763 1576 846 1627 salam
869 1591 895 1626 se
916 1576 1000 1625 colent
1020 1574 1089 1625 inter
1104 1589 1131 1625 sc
1150 1592 1183 1625 ac
1208 1577 1267 1628 dili-

281 1668 358 1728 gcnt,
374 1663 419 1713 scd
437 1664 516 1714 niam
528 1665 691 1715 verebuntur.
723 1658 812 1712 Miror
825 1657 982 1711 Ernestium
997 1675 1130 1727 negasse,
1147 1678 1174 1712 se
1193 1679 1266 1714 com-

281 1746 364 1796 mode
381 1745 477 1799 abesse
493 1762 580 1813 posse.
613 1747 701 1798 Immo
716 1746 812 1796 abesse
825 1745 922 1808 dehet,
939 1761 990 1796 nec
1007 1744 1085 1796 adest
1106 1744 1135 1796 in
1156 1745 1266 1814 optimis

281 1829 369 1884 libris.
404 1832 438 1883 Se
451 1835 523 1883 esset
541 1848 569 1883 se
583 1831 660 1899 ipsos.
694 1830 729 1882 ud
752 1832 806 1883 Ate.
829 1829 855 1894 6,
874 1831 899 1883 1.
919 1830 1053 1881 Cicerones
1071 1831 1149 1897 paeri
1172 1840 1265 1885 amant

148 1974 150 1981 ,
217 1901 220 1907 ’
279 1916 349 1968 ceter
363 1933 397 1969 e.
432 1917 466 1968 aa
485 1916 546 1968 aas
563 1917 588 1967 a.
607 1916 639 1979 1,
652 1914 704 1978 44,
720 1915 781 1968 122.
803 1913 831 1967 in
853 1912 934 1967 caat.
956 1913 981 1977 a,
998 1912 1025 1977 5,
1041 1914 1084 1966 13.
1110 1916 1149 1967 se
1164 1920 1264 1982 fartam

276 2017 473 2069 nonnumquam
487 2003 598 2054 intense
618 2002 802 2069 adspicictant.
835 1999 895 2051 Isiv.
908 1998 934 2062 l,
948 1996 992 2063 42,
1010 1998 1035 2050 6.
1053 2002 1183 2070 complecti
1197 2005 1264 2055 inter
1292 2051 1294 2059 ,

277 2100 305 2136 sc
329 2085 493 2137 lacrimantes
517 2087 612 2138 milites
637 2086 754 2154 coepisse.
797 2083 906 2137 cornel.
922 2082 1001 2135 Dion.
1019 2081 1047 2148 4,
1068 2085 1094 2136 1.
1119 2104 1195 2153 quum
1217 2088 1260 2138 in-

274 2173 315 2221 ter
329 2185 355 2220 sc
371 2170 498 2223 timerent.
532 2171 613 2223 Eum.
626 2168 654 2235 4,
667 2171 694 2223 2.
711 2188 790 2239 qaum
804 2171 872 2222 inter
893 2187 920 2223 sc
935 2171 1059 2236 compleri
1078 2172 1218 2225 interram
1234 2191 1264 2226 er

274 2253 347 2320 cquis
365 2254 527 2310 decidissent.
563 2256 674 2309 Sueten.
690 2256 763 2325 Aug.
776 2254 822 2307 tl.
845 2255 870 2308 si
883 2256 978 2307 vellant
993 2256 1058 2307 inter
1081 2274 1107 2308 se
1120 2259 1191 2310 inter
1210 2277 1263 2311 coc·

277 2354 342 2390 nam
355 2364 391 2380 -·
408 2341 505 2394 ludere.
521 2339 540 2394 1.
557 2359 582 2394 e.
598 2342 647 2394 mit
667 2343 808 2395 einander0⁴
835 2341 948 2393 Sallust.
973 2338 1032 2407 lug.
1049 2337 1093 2403 41,
1109 2340 1135 2396 2.
1151 2345 1262 2411 populas

198 2436 201 2442 '
274 2430 299 2477 ct
312 2433 416 2480 seramus
436 2444 559 2479 romanus
572 2429 676 2497 placide
689 2429 850 2496 modesteque
864 2427 935 2478 inter
948 2443 975 2477 re
990 2442 1045 2478 rem
1059 2428 1193 2493 publicam
1208 2438 1263 2482 tra-

275 2511 390 2565 ctabant.
417 2510 436 2563 1.
458 2529 483 2564 e.
511 2513 648 2566 communi
669 2513 785 2580 imperio
807 2511 983 2565 accersitio.
1017 2511 1078 2564 etv.
1097 2511 1148 2575 21,
1169 2511 1221 2579 39,
1238 2513 1261 2564 l.

276 2595 353 2649 sicuti
370 2598 477 2650 interce
493 2601 609 2651 nondum
629 2600 692 2650 satis
713 2600 783 2662 noti,
804 2600 844 2650 ita
867 2599 921 2649 iam
941 2598 1053 2649 imbutae
1067 2605 1174 2663 uterque
1197 2617 1262 2665 qua·

278 2681 342 2733 dam
358 2684 534 2736 admiratione
553 2685 669 2735 atterius.
701 2683 769 2734 Vide
784 2682 922 2734 Vocetium
940 2680 1077 2733 deIsatin.
1098 2682 1169 2733 falso
1191 2701 1262 2751 susp.

277 2782 304 2833 p.
319 2764 379 2819 218.
399 2767 537 2820 Schelleri
552 2767 695 2820 observat.
713 2785 739 2834 p.
753 2766 814 2818 241.
834 2765 988 2818 Gernhard.
1006 2766 1040 2817 ad
1056 2766 1112 2818 Cic.
1131 2768 1164 2818 de
1174 2768 1261 2821 Amic.

166 2864 168 2873 ’
275 2850 320 2915 22,
334 2850 377 2905 se.
399 2852 532 2905 oceane.
546 2853 566 2902 ι.
581 2852 600 2903 ι.
619 2851 712 2904 aeter.
732 2851 765 2903 aa
779 2850 837 2902 cn.
850 2850 870 2900 1.
885 2851 904 2901 ι.
924 2850 1029 2918 reygm.
1043 2852 1111 2903 aaa.
1126 2853 1168 2905 aa.
1190 2836 1263 2926 saq-

273 2938 343 3008 plrus
359 2946 382 2991 et
396 2940 547 2991 Salmoneus
559 2937 634 2989 Aeoli
642 2937 699 3001 filii
712 2936 777 2988 inter
791 2953 817 2987 se
835 2936 935 2987 inimici
945 2942 1033 3003 sacre.

309 3056 367 3109 cic.
377 3057 458 3109 Tusa.
468 3055 493 3119 3,
502 3053 596 3118 21112.
614 3056 678 3107 haec
691 3052 758 3108 inter
773 3072 800 3107 se
814 3072 892 3123 quum
905 3061 1062 3124 repugnent,
1079 3055 1199 3122 plerique
1213 3079 1261 3114 naa

163 3182 168 3187 .
274 3141 366 3193 vident.
401 3140 432 3192 ld
447 3140 580 3206 quomoda
597 3140 711 3193 differat
727 3141 809 3194 asili
824 3153 981 3208 repugnent,
1000 3140 1127 3206 exposuit
1144 3143 1258 3213 Grysar.

274 3225 417 3291 Praecsqt.
436 3223 483 3278 lat
499 3224 564 3278 stili.
590 3244 616 3294 q.
631 3225 673 3278 39.
709 3225 743 3277 de
758 3226 820 3279 Nat.
843 3224 869 3276 d.
887 3225 912 3289 1,
928 3223 971 3288 12,
989 3222 1032 3275 31).
1050 3226 1132 3277 Tusa.
1148 3228 1175 3290 2,
1191 3231 1218 3294 3,
1234 3232 1258 3284 l.

273 3311 409 3378 quoniam,
428 3312 644 3377 quemadmodum
658 3313 761 3375 dicant,
780 3311 832 3380 ipsi
852 3330 903 3382 non
923 3312 1061 3375 laborant,
1083 3330 1128 3363 cur
1152 3313 1258 3383 legendi

275 3398 336 3458 sint,
353 3395 403 3446 nisi
417 3396 470 3464 ipsi
487 3397 554 3448 inter
568 3413 603 3461 re,
623 3398 667 3464 qui
682 3398 751 3449 idem
766 3399 891 3460 sentiunt,
911 3414 964 3446 non
981 3396 1108 3464 intelligo.
1143 3400 1256 3450 wolfius

274 3479 394 3546 explicat
413 3466 430 3532 a
447 3498 474 3534 se
491 3482 573 3551 ipsis,
592 3499 644 3533 noa
670 3481 735 3534 satis
759 3489 905 3534 accurator
926 3485 967 3532 est
986 3479 1057 3530 enim
1076 3481 1128 3548 ipsi
1153 3501 1169 3535 a
1190 3483 1251 3533 suis.

274 3567 364 3632 Saepe
385 3566 544 3619 adiunctum
566 3567 691 3619 videmus
714 3568 771 3635 ipsi.
806 3565 867 3616 Liv.
892 3567 918 3632 1,
936 3566 977 3629 10,
995 3567 1019 3618 2.
1046 3568 1122 3618 Caes.
1141 3570 1174 3619 Β.
1188 3570 1254 3637 gall.

271 3650 298 3716 Ί,
313 3649 355 3703 23.
373 3658 404 3703 ut
417 3652 485 3704 idem
500 3654 566 3704 illud
578 3654 748 3705 intervallum
763 3661 875 3706 seruetur
884 3690 892 3717 ,
909 3669 989 3718 neque
1013 3653 1082 3703 inter
1101 3669 1129 3704 se
1153 3657 1256 3706 contin-

270 3744 338 3807 gant
354 3738 448 3790 trabes.
482 3738 514 3790 B.
530 3737 582 3790 civ.
600 3738 624 3802 1,
640 3738 684 3789 21.

280 3880 282 3884 ·
307 3855 421 3910 Terent.
443 3856 493 3909 Ad.
514 3856 541 3920 2,
559 3855 586 3920 4,
602 3854 628 3906 ’1.
654 3857 728 3923 quasi
749 3873 815 3907 nnnc
837 3873 889 3906 non
908 3855 1026 3907 norimus
1044 3875 1090 3908 nos
1110 3858 1177 3909 inter
1201 3876 1255 3910 nos.

207 3988 210 3995 .
268 3942 360 3994 Plaut.
383 3941 470 3994 Stich.
487 3939 513 4004 5,
528 3939 611 4004 419.
638 3959 683 3992 nos
706 3942 761 3992 valo
786 3947 872 3992 tumen
894 3941 982 3993 ludere
1006 3944 1072 3994 inter
1096 3959 1152 3993 nos.
1197 3943 1255 3995 cte.

268 4027 302 4080 de
325 4026 387 4080 Bit.
408 4026 450 4090 l,'
465 4024 515 4090 28,
536 4023 578 4077 58.
605 4033 660 4079 tum
682 4033 707 4078 te
728 4033 831 4095 repente
845 4027 941 4078 laetum
957 4027 1096 4089 exstitisse,
1117 4030 1256 4096 eodemque

266 4131 329 4182 equo
341 4113 478 4168 ad'aersam
492 4111 654 4176 adscendisse
667 4110 764 4181 ripam,
783 4127 877 4181 nosque
893 4111 959 4164 inter
974 4130 1020 4165 nos
1034 4129 1086 4165 esse
1101 4113 1253 4182 complexos.
