2632 4770
123 247 168 313 το
580 210 748 298 HEv8.‘

129 374 186 465 ss,
210 391 314 463 Servii
340 407 489 459 errorem
503 387 539 452 in
562 404 602 451 eo
621 380 766 472 quaerit,
792 376 882 468 quod
897 373 1159 461 eiunnodi'lncis

129 482 192 551 ubi
207 502 296 547 nunc
319 476 445 565 duplex
470 471 577 538 editur
600 470 683 546 lieri,
713 487 819 532 unum
839 464 970 551 vidisset
991 474 1159 531 exaratum

130 570 175 636 at
190 566 322 633 Servius
347 583 419 628 non
444 556 600 646 cogitavit
618 553 689 619 isaii
709 551 926 641 bisyllabum,
948 548 1005 613 sed
1025 550 1092 614 lien
1115 548 1159 623 im

131 650 294 720 intellexit
307 640 379 715 isse
395 666 511 712 vocem
526 638 737 728 productam.
772 639 821 702 De
837 636 918 705 cisen
933 635 1068 722 eiusque
1085 657 1159 701 men

132 758 208 804 sura
231 736 375 803 dixirim
401 731 504 796 Tum.
520 733 552 792 2.
602 728 699 790 .868.
740 722 817 792 Heu
843 731 919 788 ants
941 719 1091 785 vocalem
1113 742 1159 811 po

131 826 233 890 situm
254 818 407 892 Heinsius
434 815 475 880 ad
499 748 599 878 Ovidi
620 810 853 894 Her.4,160.
880 805 993 871 multis
1015 806 1159 895 exempli

134 906 300 975 formulas
314 908 378 973 Izan
393 900 453 966 olii
469 907 646 965 monstrat.

217 1026 248 1110 ¹l)
269 1027 430 1094 Acidalius
453 1026 494 1092 ad
512 1024 626 1091 Vellei.
640 1023 711 1089 Pet.
729 1027 769 1103 2,
791 1022 845 1088 59.
870 1027 963 1085 notat
977 1017 1035 1083 liei
1049 1039 1160 1104 saepe.

134 1112 279 1177 librariis
300 1114 334 1178 iu
359 1126 392 1179 et
414 1123 578 1179 mutatum
601 1132 686 1175 esse:
716 1109 808 1194 quod
826 1116 913 1170 certe
936 1103 1040 1169 allatis
1063 1125 1160 1169 exem·

134 1198 200 1285 plis
215 1199 363 1286 Propert.
378 1204 410 1279 3,
429 1205 477 1276 11,
494 1202 547 1262 80.
564 1204 596 1259 et
613 1193 701 1259 Flor.
717 1198 749 1267 2,
767 1196 818 1269 19,
836 1192 866 1257 4.
882 1188 1093 1276 comprobari
1107 1211 1160 1252 nor

134 1283 271 1369 poterit.
320 1283 414 1352 Idem
443 1293 556 1349 tamen
582 1281 651 1344 iam
680 1275 861 1347 Palmerius
894 1274 1122 1341 observaverat
1141 1274 1160 1339 ir

136 1367 290 1464 §picileg.
314 1392 349 1457 p.
375 1373 449 1432 661.
478 1366 580 1432 Thes.
606 1365 738 1429 Gruter.
789 1357 902 1425 Facilis
927 1369 996 1423 erat
1026 1357 1160 1427 confusis

136 1463 224 1522 mter
236 1453 311 1539 Issi,
333 1452 384 1538 ei,
405 1463 449 1524 ct.
483 1446 707 1556 ¹vid-Ciofan.
725 1443 765 1514 ad
782 1445 879 1514 Ovid.
896 1443 978 1515 Met.
995 1449 1026 1528 1,
1040 1446 1117 1512 523.

550 1683 759 1778 HEvs

220 1870 332 1935 Festus
357 1867 446 1959 apud
468 1868 616 1934 Paullum
642 1865 845 1933 Diaconums
878 1861 1161 1932 sanativorum

137 1954 327 2020 vocandis
340 1977 469 2043 graeco
492 1953 531 2020 ai
547 1954 647 2019 nertii.
688 1951 843 2017 Dacerius
864 1952 946 2019 vidit
972 1970 1049 2013 cum
1073 1951 1161 2041 Aqto

134 2039 200 2104 nio*
211 2040 392 2126 Augustino
406 2039 566 2104 mendosa
585 2039 664 2102 haec
690 2058 757 2102 esse
780 2037 890 2104 verba.
933 2034 1161 2100 Lindemanuns

134 2144 224 2187 nunc
252 2124 462 2189 scribendum
488 2147 558 2190 esse
581 2123 764 2211 suspicatur
793 2147 816 2187 a
836 2144 965 2211 graeco
991 2113 1064 2197 air:
1088 2114 1161 2207 quod

135 2207 296 2272 aeolicum
322 2210 448 2273 dicatur
467 2232 530 2297 pro
554 2202 618 2284 οὖς.
662 2204 826 2293 Equidem
849 2209 1013 2285 abstineo,
1044 2223 1161 2290 graecas

109 2368 111 2373 y
136 2291 313 2358 eruditioni
328 2295 431 2360 Paulli
448 2295 611 2360 diffidens.
655 2293 718 2358 Sed
743 2293 823 2358 heus
849 2293 888 2356 ad
906 2314 942 2356 ea
963 2293 1099 2355 nomina
1122 2308 1161 2354 re·

134 2377 286 2460 tulerim,
319 2402 401 2468 qnae
424 2381 530 2446 Latini
555 2400 625 2445 non
645 2380 795 2455 Graecis,
817 2379 874 2442 sed
894 2388 1034 2441 'naturae
1056 2375 1161 2440 debus·

132 2475 225 2529 runt.
268 2465 315 2531 Ea
339 2468 428 2532 enim
454 2466 587 2532 vocibus
609 2466 671 2543 he,
704 2464 793 2551 quod
811 2463 968 2527 Germani
991 2461 1083 2526 laeda
1107 2459 1161 2524 for·

134 2560 240 2630 mant,
262 2562 293 2616 et
308 2553 372 2617 lieu
389 2552 439 2616 vel
453 2553 509 2617 liei
525 2554 557 2616 in
571 2550 752 2638 Anglorum
767 2550 871 2637 1ιείἕή
887 2549 966 2613 alios
984 2568 1101 2611 vocare
1116 2564 1161 2608 not

136 2633 241 2700 docet.
285 2636 489 2702 Terminalia
507 2637 633 2702 litterae
656 2658 673 2697 s
696 2635 985 2699 demonstrativam
1003 2634 1072 2698 vim
1090 2629 1161 2695 addit

135 2720 203 2784 sive
234 2721 448 2785 directionem
483 2721 517 2785 in
546 2720 669 2805 aliquid
698 2717 818 2784 factam
848 2720 979 2784 indicat.
1032 2717 1162 2782 Fartus·

134 2804 522 2905 heyaooGermanorum,
541 2806 575 2870 in
591 2804 713 2870 laetitia
735 2815 946 2895 usurpatum,
968 2803 1116 2870 eiusdem
1131 2822 1161 2867 es

135 2909 283 2981 originis.

221 3017 435 3082 Grammatici
471 3026 594 3083 veteres
628 3014 668 3082 de
704 3019 825 3103 genere
862 3016 1012 3082 vocabuli
1050 3013 1162 3102 quaesi

134 3100 291 3168 siverunt.
340 3103 487 3168 Donatus
511 3125 545 3189 p.
563 3105 655 3166 1760.
683 3101 783 3168 Issus
805 3114 838 3169 et
860 3126 906 3167 eu
928 3100 1162 3167 interiectione

135 3187 254 3266 multi,
279 3209 347 3252 uon
363 3185 526 3253 adverbia
540 3199 768 3274 putaverunt,
790 3187 872 3275 quia
886 3212 954 3253 non
969 3209 1102 3272 semper
1123 3209 1162 3252 sc·

135 3273 250 3360 quitur
265 3271 406 3338 uerbum.
448 3272 497 3337 Ad
513 3271 592 3338 haec
604 3272 740 3422 Jergius
764 3295 800 3360 p.
818 3273 912 3339 1852.
932 3274 1013 3338 heus
1034 3273 1066 3336 si
1080 3270 1162 3336 dola

135 3379 208 3424 rem
230 3353 429 3445 significat,
448 3356 602 3424 interient
618 3382 638 3422 o
661 3370 728 3424 est:
760 3358 891 3446 [Virgil.
917 3359 995 3423 Aen.
1019 3362 1058 3432 7,
1087 3361 1159 3423 116.

134 3440 251 3511 Heus
294 3442 431 3508 etiam
466 3465 637 3509 mensos
675 3443 986 3524 consumimus,
1029 3443 1158 3530 inqui

136 3526 271 3594 Iulus.
325 3527 365 3590 Si
388 3539 501 3593 autem
530 3528 663 3594 uerbum
684 3543 861 3617 sequatur,
889 3524 1087 3596 adverbium
1111 3539 1161 3593 est

137 3612 230 3696 [Aen.
248 3620 277 3687 1,
294 3615 383 3700 325]
418 3615 518 3680 heus
550 3613 700 3701 inquit
727 3614 904 3680 iuuenes
929 3625 1154 3678 anon-strat

135 3718 339 3762 meorum·
383 3698 605 3786 Gharisius.p.
625 3705 695 3764 171.
717 3700 848 3789 etquid
863 3724 926 3788 ego
942 3700 1103 3764 demeris
1122 3700 1163 3762 in·

135 3782 343 3849 teriectionia
379 3784 510 3849 viribus
547 3785 772 3871 pertimesco,
832 3808 911 3851 reram
949 3785 1056 3850 etiam
1091 3806 1159 3870 qvia

136 3868 288 3932 omnium
304 3869 510 3961 consessione
522 3880 693 3956 putantur
710 3809 891 3949 asinariis,
913 3871 1004 3936 ratio
1022 3868 1162 3933 svibliiio

136 3952 208 4020 eius
219 3955 333 4040 portis
351 3978 420 4021 essa
432 3956 597 4035 noluerit,
616 3954 678 4023 secl
694 3956 939 4026 interiectionis
953 3953 1105 4020 sensibus
1120 3977 1163 4020 re

135 4039 293 4109 servarit.
335 4039 427 4110 Heus
442 4040 533 4110 enim
558 4039 703 4109 vocanda·
724 4041 826 4112 laudet
846 4044 931 4119 cim,
955 4042 1017 4108 ulie
1038 4062 1163 4130 respon
