<?xml version="1.0" encoding="UTF-8"?>
<!DOCTYPE html PUBLIC "-//W3C//DTD XHTML 1.0 Transitional//EN"
    "http://www.w3.org/TR/xhtml1/DTD/xhtml1-transitional.dtd">
<html xmlns="http://www.w3.org/1999/xhtml" xml:lang="en" lang="en">
 <head>
  <title>
</title>
<meta http-equiv="Content-Type" content="text/html;charset=utf-8" />
  <meta name='ocr-system' content='tesseract 3.04.00' />
  <meta name='ocr-capabilities' content='ocr_page ocr_carea ocr_par ocr_line ocrx_word'/>
</head>
<body>
  <div class='ocr_page' id='page_1' title='image "./tursellinusseud01handgoog_0068.png"; bbox 0 0 2632 4770; ppageno 0'>
   <div class='ocr_carea' id='block_1_1' title="bbox 169 226 739 304">
    <p class='ocr_par' dir='ltr' id='par_1_1' title="bbox 169 226 739 304">
     <span class='ocr_line' id='line_1_1' title="bbox 169 226 739 304; baseline 0.002 -11"><span class='ocrx_word' id='word_1_1' title='bbox 169 241 212 304; x_wconf 77' lang='lat'><strong>(54</strong></span> <span class='ocrx_word' id='word_1_2' title='bbox 637 226 739 294; x_wconf 77' lang='lat' dir='ltr'><strong>fluv.</strong></span> 
     </span>
    </p>
   </div>
   <div class='ocr_carea' id='block_1_2' title="bbox 167 370 1212 735">
    <p class='ocr_par' dir='ltr' id='par_1_2' title="bbox 167 370 1212 735">
     <span class='ocr_line' id='line_1_2' title="bbox 168 370 1212 488; baseline 0.001 -32"><span class='ocrx_word' id='word_1_3' title='bbox 168 370 327 456; x_wconf 77' lang='lat' dir='ltr'><strong>iresterna</strong></span> <span class='ocrx_word' id='word_1_4' title='bbox 340 380 434 453; x_wconf 81' lang='lat' dir='ltr'><strong>sedet</strong></span> <span class='ocrx_word' id='word_1_5' title='bbox 446 382 568 449; x_wconf 82' lang='lat' dir='ltr'><strong>lunata</strong></span> <span class='ocrx_word' id='word_1_6' title='bbox 583 375 723 481; x_wconf 69' lang='lat' dir='ltr'><strong>lingula</strong></span> <span class='ocrx_word' id='word_1_7' title='bbox 733 381 868 469; x_wconf 82' lang='lat' dir='ltr'><strong>plenta.</strong></span> <span class='ocrx_word' id='word_1_8' title='bbox 909 381 969 449; x_wconf 86' lang='lat' dir='ltr'><strong>lile</strong></span> <span class='ocrx_word' id='word_1_9' title='bbox 983 402 1064 452; x_wconf 75' lang='lat' dir='ltr'><strong>vero</strong></span> <span class='ocrx_word' id='word_1_10' title='bbox 1088 399 1212 488; x_wconf 79' lang='lat' dir='ltr'><strong>poetr-</strong></span> 
     </span>
     <span class='ocr_line' id='line_1_3' title="bbox 167 469 1209 558; baseline 0.001 -17"><span class='ocrx_word' id='word_1_11' title='bbox 167 498 244 541; x_wconf 90' lang='lat' dir='ltr'><strong>rum</strong></span> <span class='ocrx_word' id='word_1_12' title='bbox 259 487 336 538; x_wconf 83' lang='lat' dir='ltr'><strong>usus</strong></span> <span class='ocrx_word' id='word_1_13' title='bbox 350 471 478 535; x_wconf 78' lang='lat' dir='ltr'><strong>transiit</strong></span> <span class='ocrx_word' id='word_1_14' title='bbox 493 469 534 534; x_wconf 86' lang='lat' dir='ltr'><strong>ad</strong></span> <span class='ocrx_word' id='word_1_15' title='bbox 558 469 798 533; x_wconf 82' lang='lat' dir='ltr'><strong>recentissimos</strong></span> <span class='ocrx_word' id='word_1_16' title='bbox 818 488 936 558; x_wconf 84' lang='lat' dir='ltr'><strong>prosae</strong></span> <span class='ocrx_word' id='word_1_17' title='bbox 959 476 1118 538; x_wconf 82' lang='lat' dir='ltr'><strong>orationis</strong></span> <span class='ocrx_word' id='word_1_18' title='bbox 1148 498 1209 543; x_wconf 84' lang='lat' dir='ltr'><strong>nu·</strong></span> 
     </span>
     <span class='ocr_line' id='line_1_4' title="bbox 169 554 1209 647; baseline 0.003 -23"><span class='ocrx_word' id='word_1_19' title='bbox 169 572 289 626; x_wconf 72' lang='lat' dir='ltr'><strong>ctores.</strong></span> <span class='ocrx_word' id='word_1_20' title='bbox 331 554 557 621; x_wconf 70' lang='lat' dir='ltr'><strong>Iurisconsulti</strong></span> <span class='ocrx_word' id='word_1_21' title='bbox 579 575 675 641; x_wconf 86' lang='lat' dir='ltr'><strong>saepe</strong></span> <span class='ocrx_word' id='word_1_22' title='bbox 695 554 774 618; x_wconf 79' lang='lat' dir='ltr'><strong>lieri</strong></span> <span class='ocrx_word' id='word_1_23' title='bbox 788 567 820 619; x_wconf 89' lang='lat' dir='ltr'><strong>et</strong></span> <span class='ocrx_word' id='word_1_24' title='bbox 842 558 944 621; x_wconf 77' lang='lat' dir='ltr'><strong>lindie</strong></span> <span class='ocrx_word' id='word_1_25' title='bbox 965 574 1209 647; x_wconf 83' lang='lat' dir='ltr'><strong>opposuerunt,</strong></span> 
     </span>
     <span class='ocr_line' id='line_1_5' title="bbox 167 640 943 735; baseline -0.008 -23"><span class='ocrx_word' id='word_1_26' title='bbox 167 658 205 712; x_wconf 89' lang='lat' dir='ltr'><strong>ut</strong></span> <span class='ocrx_word' id='word_1_27' title='bbox 218 643 372 735; x_wconf 82' lang='lat' dir='ltr'><strong>proxima</strong></span> <span class='ocrx_word' id='word_1_28' title='bbox 387 642 513 706; x_wconf 79' lang='lat' dir='ltr'><strong>diversa</strong></span> <span class='ocrx_word' id='word_1_29' title='bbox 528 651 682 727; x_wconf 82' lang='lat' dir='ltr'><strong>tempore</strong></span> <span class='ocrx_word' id='word_1_30' title='bbox 697 640 943 728; x_wconf 73' lang='lat' dir='ltr'><strong>distinguerent.</strong></span> 
     </span>
    </p>
   </div>
   <div class='ocr_carea' id='block_1_3' title="bbox 175 752 1222 1795">
    <p class='ocr_par' dir='ltr' id='par_1_3' title="bbox 228 752 1208 988">
     <span class='ocr_line' id='line_1_6' title="bbox 261 752 1208 832; baseline 0.001 -17"><span class='ocrx_word' id='word_1_31' title='bbox 261 757 386 832; x_wconf 81' lang='lat' dir='ltr'><strong>Propert.</strong></span> <span class='ocrx_word' id='word_1_32' title='bbox 400 760 426 826; x_wconf 78' lang='lat'><strong>2,</strong></span> <span class='ocrx_word' id='word_1_33' title='bbox 439 760 474 814; x_wconf 80' lang='lat'><strong>22</strong></span> <span class='ocrx_word' id='word_1_34' title='bbox 489 760 566 831; x_wconf 60' lang='lat'>(18),</span> <span class='ocrx_word' id='word_1_35' title='bbox 582 752 609 815; x_wconf 85' lang='grc' dir='ltr'><strong>Ῑ.</strong></span> <span class='ocrx_word' id='word_1_36' title='bbox 634 756 683 814; x_wconf 80' lang='lat' dir='ltr'><strong>ucis</strong></span> <span class='ocrx_word' id='word_1_37' title='bbox 702 754 762 814; x_wconf 77' lang='lat' dir='ltr'><strong>isere</strong></span> <span class='ocrx_word' id='word_1_38' title='bbox 783 762 820 814; x_wconf 90' lang='lat' dir='ltr'><strong>mi</strong></span> <span class='ocrx_word' id='word_1_39' title='bbox 842 764 939 815; x_wconf 78' lang='lat' dir='ltr'><strong>multos</strong></span> <span class='ocrx_word' id='word_1_40' title='bbox 953 757 1057 832; x_wconf 82' lang='lat' dir='ltr'><strong>puriter</strong></span> <span class='ocrx_word' id='word_1_41' title='bbox 1078 764 1208 832; x_wconf 70' lang='lat' dir='ltr'><strong>plncn‘m</strong></span> 
     </span>
     <span class='ocr_line' id='line_1_7' title="bbox 228 838 1203 920; baseline 0 -19"><span class='ocrx_word' id='word_1_42' title='bbox 228 848 338 919; x_wconf 69' lang='lat' dir='ltr'><strong>pisellus.</strong></span> <span class='ocrx_word' id='word_1_43' title='bbox 372 844 451 906; x_wconf 70' lang='lat' dir='ltr'><strong>Ossvid.</strong></span> <span class='ocrx_word' id='word_1_44' title='bbox 466 840 526 900; x_wconf 76' lang='lat' dir='ltr'><strong>dm.</strong></span> <span class='ocrx_word' id='word_1_45' title='bbox 548 843 620 913; x_wconf 72' lang='lat'>158,</span> <span class='ocrx_word' id='word_1_46' title='bbox 634 838 678 901; x_wconf 74' lang='grc'><strong>28.</strong></span> <span class='ocrx_word' id='word_1_47' title='bbox 696 846 746 900; x_wconf 74' lang='lat' dir='ltr'><strong>ucis</strong></span> <span class='ocrx_word' id='word_1_48' title='bbox 760 844 821 901; x_wconf 75' lang='lat' dir='ltr'><strong>itere</strong></span> <span class='ocrx_word' id='word_1_49' title='bbox 834 855 873 913; x_wconf 71' lang='lat' dir='ltr'><strong>te,</strong></span> <span class='ocrx_word' id='word_1_50' title='bbox 891 866 948 901; x_wconf 84' lang='lat' dir='ltr'><strong>meu</strong></span> <span class='ocrx_word' id='word_1_51' title='bbox 961 849 1022 912; x_wconf 79' lang='lat' dir='ltr'><strong>tur,</strong></span> <span class='ocrx_word' id='word_1_52' title='bbox 1039 849 1128 901; x_wconf 72' lang='lat' dir='ltr'><strong>munii</strong></span> <span class='ocrx_word' id='word_1_53' title='bbox 1143 852 1203 920; x_wconf 81' lang='lat' dir='ltr'><strong>pto·</strong></span> 
     </span>
     <span class='ocr_line' id='line_1_8' title="bbox 231 932 1181 988; baseline -0.003 0"><span class='ocrx_word' id='word_1_54' title='bbox 231 932 409 988; x_wconf 68' lang='lat' dir='ltr'><strong>reuertente.</strong></span> <span class='ocrx_word' id='word_1_55' title='bbox 1176 954 1181 965; x_wconf 83' lang='lat'><strong>·</strong></span> 
     </span>
    </p>

    <p class='ocr_par' dir='ltr' id='par_1_4' title="bbox 262 1024 1202 1104">
     <span class='ocr_line' id='line_1_9' title="bbox 262 1024 1202 1104; baseline 0.002 -15"><span class='ocrx_word' id='word_1_56' title='bbox 262 1031 381 1089; x_wconf 78' lang='lat' dir='ltr'><strong>Tertnli.</strong></span> <span class='ocrx_word' id='word_1_57' title='bbox 394 1028 549 1102; x_wconf 53' lang='lat' dir='ltr'><strong>Apulum&amp;</strong></span> <span class='ocrx_word' id='word_1_58' title='bbox 566 1040 651 1086; x_wconf 79' lang='lat' dir='ltr'><strong>nonne</strong></span> <span class='ocrx_word' id='word_1_59' title='bbox 661 1024 816 1087; x_wconf 56' lang='lat' dir='ltr'><strong>derisimus</strong></span> <span class='ocrx_word' id='word_1_60' title='bbox 831 1026 927 1104; x_wconf 77' lang='lat' dir='ltr'><strong>pupius</strong></span> <span class='ocrx_word' id='word_1_61' title='bbox 944 1030 1032 1103; x_wconf 73' lang='lat' dir='ltr'><strong>teges,</strong></span> <span class='ocrx_word' id='word_1_62' title='bbox 1059 1050 1127 1104; x_wconf 77' lang='lat' dir='ltr'><strong>qnae</strong></span> <span class='ocrx_word' id='word_1_63' title='bbox 1144 1042 1202 1091; x_wconf 76' lang='lat' dir='ltr'><strong>mre</strong></span> 
     </span>
    </p>

    <p class='ocr_par' dir='ltr' id='par_1_5' title="bbox 175 1114 1222 1439">
     <span class='ocr_line' id='line_1_10' title="bbox 175 1114 1199 1191; baseline -0.001 -19"><span class='ocrx_word' id='word_1_64' title='bbox 175 1156 178 1161; x_wconf 78' lang='lat'>-</span> <span class='ocrx_word' id='word_1_65' title='bbox 229 1114 320 1173; x_wconf 72' lang='lat' dir='ltr'><strong>&#39;liberos</strong></span> <span class='ocrx_word' id='word_1_66' title='bbox 340 1120 435 1187; x_wconf 82' lang='lat' dir='ltr'><strong>suscipi</strong></span> <span class='ocrx_word' id='word_1_67' title='bbox 449 1124 562 1187; x_wconf 80' lang='lat' dir='ltr'><strong>cogunt,</strong></span> <span class='ocrx_word' id='word_1_68' title='bbox 580 1134 657 1185; x_wconf 77' lang='lat' dir='ltr'><strong>qnam</strong></span> <span class='ocrx_word' id='word_1_69' title='bbox 681 1118 759 1170; x_wconf 83' lang='lat' dir='ltr'><strong>iuliae</strong></span> <span class='ocrx_word' id='word_1_70' title='bbox 779 1120 969 1172; x_wconf 72' lang='lat' dir='ltr'><em>matrimonium</em></span> <span class='ocrx_word' id='word_1_71' title='bbox 990 1121 1111 1173; x_wconf 77' lang='lat' dir='ltr'><strong>contrairi</strong></span> <span class='ocrx_word' id='word_1_72' title='bbox 1116 1153 1127 1186; x_wconf 71' lang='lat'><strong>‚</strong></span> <span class='ocrx_word' id='word_1_73' title='bbox 1143 1128 1199 1191; x_wconf 80' lang='lat' dir='ltr'><strong>port</strong></span> 
     </span>
     <span class='ocr_line' id='line_1_11' title="bbox 226 1194 1197 1275; baseline 0.002 -19"><span class='ocrx_word' id='word_1_74' title='bbox 226 1211 318 1256; x_wconf 75' lang='lat' dir='ltr'><strong>wotos</strong></span> <span class='ocrx_word' id='word_1_75' title='bbox 338 1203 501 1257; x_wconf 79' lang='lat' dir='ltr'><strong>auctoritatis</strong></span> <span class='ocrx_word' id='word_1_76' title='bbox 522 1208 671 1255; x_wconf 79' lang='lat' dir='ltr'><strong>senectutem</strong></span> <span class='ocrx_word' id='word_1_77' title='bbox 693 1194 750 1254; x_wconf 71' lang='lat' dir='ltr'><strong>iuri</strong></span> <span class='ocrx_word' id='word_1_78' title='bbox 765 1204 871 1255; x_wconf 76' lang='lat' dir='ltr'><strong>Seuerm</strong></span> <span class='ocrx_word' id='word_1_79' title='bbox 889 1205 1105 1256; x_wconf 72' lang='lat' dir='ltr'><strong>constantissimus</strong></span> <span class='ocrx_word' id='word_1_80' title='bbox 1124 1206 1197 1275; x_wconf 75' lang='lat' dir='ltr'><strong>prin·</strong></span> 
     </span>
     <span class='ocr_line' id='line_1_12' title="bbox 226 1282 1222 1365; baseline 0.005 -26"><span class='ocrx_word' id='word_1_81' title='bbox 226 1288 315 1357; x_wconf 80' lang='lat' dir='ltr'><strong>&#39;cipum</strong></span> <span class='ocrx_word' id='word_1_82' title='bbox 327 1289 440 1344; x_wconf 68' lang='lat' dir='ltr'><strong>munti.</strong></span> <span class='ocrx_word' id='word_1_83' title='bbox 456 1282 506 1343; x_wconf 79' lang='lat' dir='ltr'><strong>nbi</strong></span> <span class='ocrx_word' id='word_1_84' title='bbox 521 1285 649 1354; x_wconf 78' lang='lat' dir='ltr'>Scaliger</span> <span class='ocrx_word' id='word_1_85' title='bbox 670 1282 727 1339; x_wconf 79' lang='lat' dir='ltr'><strong>iteri</strong></span> <span class='ocrx_word' id='word_1_86' title='bbox 747 1296 797 1354; x_wconf 83' lang='lat' dir='ltr'><strong>pro</strong></span> <span class='ocrx_word' id='word_1_87' title='bbox 821 1283 898 1352; x_wconf 86' lang='lat' dir='ltr'><strong>otim,</strong></span> <span class='ocrx_word' id='word_1_88' title='bbox 912 1286 964 1340; x_wconf 73' lang='lat' dir='ltr'><strong>stit</strong></span> <span class='ocrx_word' id='word_1_89' title='bbox 988 1298 1135 1359; x_wconf 80' lang='lat' dir='ltr'><strong>pronuper</strong></span> <span class='ocrx_word' id='word_1_90' title='bbox 1151 1305 1195 1344; x_wconf 75' lang='lat' dir='ltr'><strong>no·</strong></span> <span class='ocrx_word' id='word_1_91' title='bbox 1220 1358 1222 1365; x_wconf 33' lang='grc' dir='ltr'>Ι</span> 
     </span>
     <span class='ocr_line' id='line_1_13' title="bbox 225 1388 332 1439; baseline 0.019 -16"><span class='ocrx_word' id='word_1_92' title='bbox 225 1388 332 1439; x_wconf 83' lang='lat' dir='ltr'><strong>cepere.</strong></span> 
     </span>
    </p>

    <p class='ocr_par' dir='ltr' id='par_1_6' title="bbox 221 1462 1192 1795">
     <span class='ocr_line' id='line_1_14' title="bbox 261 1462 1192 1545; baseline 0.004 -19"><span class='ocrx_word' id='word_1_93' title='bbox 261 1468 367 1543; x_wconf 80' lang='lat' dir='ltr'><strong>leiun.</strong></span> <span class='ocrx_word' id='word_1_94' title='bbox 382 1464 413 1527; x_wconf 85' lang='lat' dir='ltr'><strong>in</strong></span> <span class='ocrx_word' id='word_1_95' title='bbox 428 1465 533 1543; x_wconf 71' lang='lat' dir='ltr'><strong>Dignst.</strong></span> <span class='ocrx_word' id='word_1_96' title='bbox 551 1463 595 1537; x_wconf 75' lang='grc'><strong>11,</strong></span> <span class='ocrx_word' id='word_1_97' title='bbox 611 1463 653 1537; x_wconf 84' lang='lat' dir='ltr'><strong>lu,</strong></span> <span class='ocrx_word' id='word_1_98' title='bbox 668 1462 737 1536; x_wconf 62' lang='grc' dir='ltr'><strong>’1,’2ι</strong></span> <span class='ocrx_word' id='word_1_99' title='bbox 753 1489 800 1523; x_wconf 83' lang='lat' dir='ltr'><strong>nec</strong></span> <span class='ocrx_word' id='word_1_100' title='bbox 821 1466 889 1527; x_wconf 78' lang='lat' dir='ltr'><strong>cuim</strong></span> <span class='ocrx_word' id='word_1_101' title='bbox 906 1474 981 1542; x_wconf 71' lang='lat' dir='ltr'><strong>ferre</strong></span> <span class='ocrx_word' id='word_1_102' title='bbox 999 1478 1106 1545; x_wconf 78' lang='lat' dir='ltr'><strong>praetor</strong></span> <span class='ocrx_word' id='word_1_103' title='bbox 1126 1476 1192 1530; x_wconf 76' lang='lat' dir='ltr'><strong>dedet</strong></span> 
     </span>
     <span class='ocr_line' id='line_1_15' title="bbox 224 1552 1190 1629; baseline 0 -18"><span class='ocrx_word' id='word_1_104' title='bbox 224 1560 281 1612; x_wconf 69' lang='lat' dir='ltr'><strong>ueri·</strong></span> <span class='ocrx_word' id='word_1_105' title='bbox 295 1571 413 1624; x_wconf 77' lang='lat' dir='ltr'><strong>servom,</strong></span> <span class='ocrx_word' id='word_1_106' title='bbox 430 1552 503 1612; x_wconf 79' lang='lat' dir='ltr'><strong>isodie</strong></span> <span class='ocrx_word' id='word_1_107' title='bbox 518 1561 636 1612; x_wconf 80' lang='lat' dir='ltr'><strong>libertam</strong></span> <span class='ocrx_word' id='word_1_108' title='bbox 651 1565 849 1625; x_wconf 70' lang='lat' dir='ltr'><strong>conquerentem</strong></span> <span class='ocrx_word' id='word_1_109' title='bbox 880 1559 970 1611; x_wconf 76' lang='lat' dir='ltr'><strong>Mutia</strong></span> <span class='ocrx_word' id='word_1_110' title='bbox 985 1554 1043 1611; x_wconf 86' lang='lat' dir='ltr'><strong>nliu</strong></span> <span class='ocrx_word' id='word_1_111' title='bbox 1060 1560 1190 1629; x_wconf 71' lang='lat' dir='ltr'><strong>exemplo,</strong></span> 
     </span>
     <span class='ocr_line' id='line_1_16' title="bbox 224 1637 1189 1720; baseline 0.003 -26"><span class='ocrx_word' id='word_1_112' title='bbox 224 1643 387 1717; x_wconf 82' lang='lat' dir='ltr'><strong>compurntis</strong></span> <span class='ocrx_word' id='word_1_113' title='bbox 415 1638 523 1720; x_wconf 52' lang='lat' dir='ltr'><strong>muccis</strong></span> <span class='ocrx_word' id='word_1_114' title='bbox 535 1638 649 1711; x_wconf 65' lang='grc' dir='ltr'><em>χθὶς-</em></span> <span class='ocrx_word' id='word_1_115' title='bbox 663 1637 786 1713; x_wconf 72' lang='lat' dir='ltr'><strong>ttu&#39;pspor</strong></span> <span class='ocrx_word' id='word_1_116' title='bbox 811 1641 925 1712; x_wconf 74' lang='lat' dir='ltr'><strong>collegit</strong></span> <span class='ocrx_word' id='word_1_117' title='bbox 953 1637 1126 1698; x_wconf 77' lang='lat' dir='ltr'><strong>Gudotrcdus</strong></span> <span class='ocrx_word' id='word_1_118' title='bbox 1157 1644 1189 1701; x_wconf 76' lang='lat' dir='ltr'><strong>ud</strong></span> 
     </span>
     <span class='ocr_line' id='line_1_17' title="bbox 221 1720 1110 1795; baseline -0.003 -11"><span class='ocrx_word' id='word_1_119' title='bbox 221 1724 329 1784; x_wconf 77' lang='lat' dir='ltr'><strong>Novell.</strong></span> <span class='ocrx_word' id='word_1_120' title='bbox 346 1727 413 1795; x_wconf 73' lang='lat'><strong>127,</strong></span> <span class='ocrx_word' id='word_1_121' title='bbox 430 1722 455 1782; x_wconf 89' lang='grc'><strong>1.</strong></span> <span class='ocrx_word' id='word_1_122' title='bbox 610 1720 613 1726; x_wconf 71' lang='grc'><strong>’</strong></span> <span class='ocrx_word' id='word_1_123' title='bbox 1107 1754 1110 1759; x_wconf 94' lang='grc'><strong><em>·</em></strong></span> 
     </span>
    </p>
   </div>
   <div class='ocr_carea' id='block_1_4' title="bbox 584 1874 749 1969">
    <p class='ocr_par' dir='ltr' id='par_1_7' title="bbox 584 1874 749 1969">
     <span class='ocr_line' id='line_1_18' title="bbox 584 1874 749 1969; baseline 0 0"><span class='ocrx_word' id='word_1_124' title='bbox 584 1874 749 1969; x_wconf 86' lang='lat' dir='ltr'>HEV.</span> 
     </span>
    </p>
   </div>
   <div class='ocr_carea' id='block_1_5' title="bbox 127 2055 1222 4116">
    <p class='ocr_par' dir='ltr' id='par_1_8' title="bbox 127 2055 1222 4116">
     <span class='ocr_line' id='line_1_19' title="bbox 234 2055 1184 2150; baseline 0.004 -24"><span class='ocrx_word' id='word_1_125' title='bbox 234 2055 478 2126; x_wconf 76' lang='lat' dir='ltr'><strong>interiectiones&#39;</strong></span> <span class='ocrx_word' id='word_1_126' title='bbox 497 2056 562 2145; x_wconf 77' lang='lat' dir='ltr'><strong>uei,</strong></span> <span class='ocrx_word' id='word_1_127' title='bbox 585 2075 636 2142; x_wconf 82' lang='lat' dir='ltr'><strong>eu,</strong></span> <span class='ocrx_word' id='word_1_128' title='bbox 658 2062 732 2140; x_wconf 78' lang='lat' dir='ltr'><strong>lien,</strong></span> <span class='ocrx_word' id='word_1_129' title='bbox 758 2076 958 2147; x_wconf 87' lang='lat' dir='ltr'><strong>quamquam</strong></span> <span class='ocrx_word' id='word_1_130' title='bbox 972 2082 1038 2127; x_wconf 87' lang='lat' dir='ltr'><strong>una</strong></span> <span class='ocrx_word' id='word_1_131' title='bbox 1054 2064 1184 2150; x_wconf 78' lang='lat' dir='ltr'>quaevis</span> 
     </span>
     <span class='ocr_line' id='line_1_20' title="bbox 151 2146 1184 2235; baseline 0.004 -24"><span class='ocrx_word' id='word_1_132' title='bbox 151 2164 249 2212; x_wconf 83' lang='lat' dir='ltr'><strong>suum</strong></span> <span class='ocrx_word' id='word_1_133' title='bbox 261 2147 362 2213; x_wconf 85' lang='lat' dir='ltr'><strong>enimi</strong></span> <span class='ocrx_word' id='word_1_134' title='bbox 376 2147 528 2213; x_wconf 80' lang='lat' dir='ltr'><strong>affectum</strong></span> <span class='ocrx_word' id='word_1_135' title='bbox 546 2146 781 2235; x_wconf 79' lang='lat' dir='ltr'><strong>designandum</strong></span> <span class='ocrx_word' id='word_1_136' title='bbox 798 2146 947 2227; x_wconf 78' lang='lat' dir='ltr'><strong>habebat,</strong></span> <span class='ocrx_word' id='word_1_137' title='bbox 964 2157 1073 2212; x_wconf 85' lang='lat' dir='ltr'><strong>tamen</strong></span> <span class='ocrx_word' id='word_1_138' title='bbox 1091 2147 1184 2215; x_wconf 87' lang='lat' dir='ltr'><strong>facile</strong></span> 
     </span>
     <span class='ocr_line' id='line_1_21' title="bbox 149 2226 1183 2321; baseline 0.005 -25"><span class='ocrx_word' id='word_1_139' title='bbox 149 2232 220 2298; x_wconf 87' lang='lat' dir='ltr'><strong>fieri</strong></span> <span class='ocrx_word' id='word_1_140' title='bbox 249 2236 397 2320; x_wconf 79' lang='lat' dir='ltr'><strong>poterat,</strong></span> <span class='ocrx_word' id='word_1_141' title='bbox 419 2245 457 2296; x_wconf 92' lang='lat' dir='ltr'><strong>ut</strong></span> <span class='ocrx_word' id='word_1_142' title='bbox 476 2226 722 2321; x_wconf 85' lang='lat' dir='ltr'><strong>pronuntiando</strong></span> <span class='ocrx_word' id='word_1_143' title='bbox 742 2242 778 2317; x_wconf 74' lang='lat' dir='ltr'><strong>et</strong></span> <span class='ocrx_word' id='word_1_144' title='bbox 803 2231 976 2297; x_wconf 84' lang='lat' dir='ltr'><strong>scribendo</strong></span> <span class='ocrx_word' id='word_1_145' title='bbox 1000 2242 1183 2301; x_wconf 81' lang='lat' dir='ltr'><strong>commuta·</strong></span> 
     </span>
     <span class='ocr_line' id='line_1_22' title="bbox 147 2316 1182 2417; baseline 0.003 -35"><span class='ocrx_word' id='word_1_146' title='bbox 147 2321 274 2383; x_wconf 68' lang='lat' dir='ltr'><strong>rentur.</strong></span> <span class='ocrx_word' id='word_1_147' title='bbox 304 2316 348 2382; x_wconf 88' lang='lat' dir='ltr'><strong>Et</strong></span> <span class='ocrx_word' id='word_1_148' title='bbox 364 2322 567 2384; x_wconf 84' lang='lat' dir='ltr'><strong>commutata</strong></span> <span class='ocrx_word' id='word_1_149' title='bbox 583 2328 659 2385; x_wconf 86' lang='lat' dir='ltr'><strong>sunt</strong></span> <span class='ocrx_word' id='word_1_150' title='bbox 674 2322 771 2417; x_wconf 87' lang='lat' dir='ltr'><strong>saepe</strong></span> <span class='ocrx_word' id='word_1_151' title='bbox 787 2318 960 2383; x_wconf 79' lang='lat' dir='ltr'><strong>recentiori</strong></span> <span class='ocrx_word' id='word_1_152' title='bbox 976 2336 1048 2382; x_wconf 89' lang='lat' dir='ltr'><strong>usu.</strong></span> <span class='ocrx_word' id='word_1_153' title='bbox 1089 2320 1182 2385; x_wconf 77' lang='lat' dir='ltr'><strong>&#39;sau-</strong></span> 
     </span>
     <span class='ocr_line' id='line_1_23' title="bbox 145 2400 1180 2492; baseline 0.006 -26"><span class='ocrx_word' id='word_1_154' title='bbox 145 2410 219 2467; x_wconf 91' lang='lat' dir='ltr'><strong>tum</strong></span> <span class='ocrx_word' id='word_1_155' title='bbox 245 2417 322 2469; x_wconf 75' lang='lat' dir='ltr'><strong>tero</strong></span> <span class='ocrx_word' id='word_1_156' title='bbox 344 2402 465 2484; x_wconf 84' lang='lat' dir='ltr'><strong>abfuit,</strong></span> <span class='ocrx_word' id='word_1_157' title='bbox 487 2415 523 2468; x_wconf 90' lang='lat' dir='ltr'><strong>ut</strong></span> <span class='ocrx_word' id='word_1_158' title='bbox 547 2405 625 2470; x_wconf 87' lang='lat' dir='ltr'><strong>haec</strong></span> <span class='ocrx_word' id='word_1_159' title='bbox 651 2400 846 2491; x_wconf 75' lang='lat' dir='ltr'><strong>negligentia</strong></span> <span class='ocrx_word' id='word_1_160' title='bbox 868 2405 1046 2490; x_wconf 80' lang='lat' dir='ltr'><strong>praeceptis</strong></span> <span class='ocrx_word' id='word_1_161' title='bbox 1069 2404 1180 2492; x_wconf 77' lang='lat' dir='ltr'><strong>&#39;gram-</strong></span> 
     </span>
     <span class='ocr_line' id='line_1_24' title="bbox 145 2488 1180 2576; baseline 0.003 -23"><span class='ocrx_word' id='word_1_162' title='bbox 145 2489 344 2555; x_wconf 87' lang='lat' dir='ltr'><strong>maticorum</strong></span> <span class='ocrx_word' id='word_1_163' title='bbox 365 2489 616 2576; x_wconf 78' lang='lat' dir='ltr'><strong>reprimeretur,</strong></span> <span class='ocrx_word' id='word_1_164' title='bbox 644 2498 700 2569; x_wconf 86' lang='lat' dir='ltr'><strong>ut,</strong></span> <span class='ocrx_word' id='word_1_165' title='bbox 724 2488 922 2575; x_wconf 84' lang='lat' dir='ltr'><strong>comparatis</strong></span> <span class='ocrx_word' id='word_1_166' title='bbox 945 2490 1038 2553; x_wconf 88' lang='lat' dir='ltr'><strong>variis</strong></span> <span class='ocrx_word' id='word_1_167' title='bbox 1061 2493 1180 2572; x_wconf 86' lang='lat' dir='ltr'><strong>modis,</strong></span> 
     </span>
     <span class='ocr_line' id='line_1_25' title="bbox 144 2573 1179 2665; baseline 0.004 -26"><span class='ocrx_word' id='word_1_168' title='bbox 144 2594 250 2640; x_wconf 83' lang='lat' dir='ltr'><strong>noune</strong></span> <span class='ocrx_word' id='word_1_169' title='bbox 264 2573 482 2639; x_wconf 70' lang='lat' dir='ltr'><strong>dubitationes</strong></span> <span class='ocrx_word' id='word_1_170' title='bbox 496 2577 695 2641; x_wconf 83' lang='lat' dir='ltr'><strong>exsisterent.</strong></span> <span class='ocrx_word' id='word_1_171' title='bbox 726 2574 810 2638; x_wconf 91' lang='lat' dir='ltr'><strong>Nam</strong></span> <span class='ocrx_word' id='word_1_172' title='bbox 827 2574 985 2661; x_wconf 88' lang='lat' dir='ltr'><strong>particula</strong></span> <span class='ocrx_word' id='word_1_173' title='bbox 1000 2575 1075 2657; x_wconf 79' lang='lat' dir='ltr'><strong>lieu,</strong></span> <span class='ocrx_word' id='word_1_174' title='bbox 1099 2584 1179 2665; x_wconf 81' lang='lat' dir='ltr'><strong>quae</strong></span> 
     </span>
     <span class='ocr_line' id='line_1_26' title="bbox 144 2658 1214 2746; baseline -0.006 -21"><span class='ocrx_word' id='word_1_175' title='bbox 144 2661 444 2746; x_wconf 75' lang='lat' dir='ltr'><strong>untiquotempor&#39;e</strong></span> <span class='ocrx_word' id='word_1_176' title='bbox 466 2661 594 2725; x_wconf 78' lang='lat' dir='ltr'><strong>videtur</strong></span> <span class='ocrx_word' id='word_1_177' title='bbox 617 2665 744 2724; x_wconf 88' lang='lat' dir='ltr'><strong>tantum</strong></span> <span class='ocrx_word' id='word_1_178' title='bbox 764 2658 999 2745; x_wconf 82' lang='lat' dir='ltr'><strong>aegritudinem</strong></span> <span class='ocrx_word' id='word_1_179' title='bbox 1023 2672 1055 2724; x_wconf 87' lang='lat' dir='ltr'><strong>et</strong></span> <span class='ocrx_word' id='word_1_180' title='bbox 1081 2663 1174 2727; x_wconf 89' lang='lat' dir='ltr'><strong>dolo·</strong></span> <span class='ocrx_word' id='word_1_181' title='bbox 1211 2714 1214 2719; x_wconf 91' lang='lat'>.</span> 
     </span>
     <span class='ocr_line' id='line_1_27' title="bbox 142 2738 1174 2835; baseline 0.004 -26"><span class='ocrx_word' id='word_1_182' title='bbox 142 2766 214 2810; x_wconf 89' lang='lat' dir='ltr'><strong>rem</strong></span> <span class='ocrx_word' id='word_1_183' title='bbox 230 2742 332 2809; x_wconf 80' lang='lat' dir='ltr'><strong>enimi</strong></span> <span class='ocrx_word' id='word_1_184' title='bbox 347 2746 559 2830; x_wconf 82' lang='lat' dir='ltr'><strong>expressisse,</strong></span> <span class='ocrx_word' id='word_1_185' title='bbox 581 2749 755 2810; x_wconf 83' lang='lat' dir='ltr'><strong>ettantum</strong></span> <span class='ocrx_word' id='word_1_186' title='bbox 776 2764 851 2807; x_wconf 90' lang='lat' dir='ltr'><strong>cum</strong></span> <span class='ocrx_word' id='word_1_187' title='bbox 873 2738 1072 2809; x_wconf 80' lang='lat' dir='ltr'><strong>affirmativis</strong></span> <span class='ocrx_word' id='word_1_188' title='bbox 1097 2770 1174 2835; x_wconf 89' lang='lat' dir='ltr'><strong>par-</strong></span> 
     </span>
     <span class='ocr_line' id='line_1_28' title="bbox 141 2826 1196 2907; baseline 0.007 -14"><span class='ocrx_word' id='word_1_189' title='bbox 141 2826 249 2896; x_wconf 83' lang='lat' dir='ltr'><strong>ticulis</strong></span> <span class='ocrx_word' id='word_1_190' title='bbox 272 2826 443 2894; x_wconf 87' lang='lat' dir='ltr'><strong>coniuncta</strong></span> <span class='ocrx_word' id='word_1_191' title='bbox 475 2829 752 2895; x_wconf 84' lang='lat' dir='ltr'><strong>vehementiorem</strong></span> <span class='ocrx_word' id='word_1_192' title='bbox 784 2830 885 2893; x_wconf 89' lang='lat' dir='ltr'><strong>animi</strong></span> <span class='ocrx_word' id='word_1_193' title='bbox 916 2833 1196 2907; x_wconf 84' lang='lat' dir='ltr'><strong>commotionem.</strong></span> 
     </span>
     <span class='ocr_line' id='line_1_29' title="bbox 140 2908 1191 3003; baseline 0.003 -24"><span class='ocrx_word' id='word_1_194' title='bbox 140 2908 356 3003; x_wconf 86' lang='lat' dir='ltr'><strong>significasse,</strong></span> <span class='ocrx_word' id='word_1_195' title='bbox 372 2920 487 3003; x_wconf 87' lang='lat' dir='ltr'><strong>postea</strong></span> <span class='ocrx_word' id='word_1_196' title='bbox 507 2912 547 2979; x_wconf 92' lang='lat' dir='ltr'><strong>de</strong></span> <span class='ocrx_word' id='word_1_197' title='bbox 564 2934 773 3003; x_wconf 88' lang='lat' dir='ltr'><strong>quocumque</strong></span> <span class='ocrx_word' id='word_1_198' title='bbox 793 2937 887 2980; x_wconf 87' lang='lat' dir='ltr'><strong>sensu</strong></span> <span class='ocrx_word' id='word_1_199' title='bbox 904 2914 1129 2983; x_wconf 88' lang='lat' dir='ltr'><strong>admirationis</strong></span> <span class='ocrx_word' id='word_1_200' title='bbox 1144 2929 1191 2985; x_wconf 86' lang='lat' dir='ltr'><strong>et·</strong></span> 
     </span>
     <span class='ocr_line' id='line_1_30' title="bbox 140 2996 1172 3098; baseline 0 -33"><span class='ocrx_word' id='word_1_201' title='bbox 140 2998 374 3088; x_wconf 83' lang='lat' dir='ltr'><strong>indignationis</strong></span> <span class='ocrx_word' id='word_1_202' title='bbox 394 3000 542 3098; x_wconf 85' lang='lat' dir='ltr'><strong>usurpari</strong></span> <span class='ocrx_word' id='word_1_203' title='bbox 564 2996 681 3090; x_wconf 87' lang='lat' dir='ltr'><strong>eoepit.</strong></span> <span class='ocrx_word' id='word_1_204' title='bbox 726 2999 817 3065; x_wconf 83' lang='lat' dir='ltr'><strong>Vnde</strong></span> <span class='ocrx_word' id='word_1_205' title='bbox 840 3001 936 3065; x_wconf 87' lang='lat' dir='ltr'><strong>etium</strong></span> <span class='ocrx_word' id='word_1_206' title='bbox 966 2997 1087 3084; x_wconf 84' lang='lat' dir='ltr'><strong>factum</strong></span> <span class='ocrx_word' id='word_1_207' title='bbox 1115 3013 1172 3078; x_wconf 85' lang='lat' dir='ltr'><strong>est,</strong></span> 
     </span>
     <span class='ocr_line' id='line_1_31' title="bbox 138 3078 1172 3176; baseline 0.003 -25"><span class='ocrx_word' id='word_1_208' title='bbox 138 3095 176 3151; x_wconf 88' lang='lat' dir='ltr'><strong>nt</strong></span> <span class='ocrx_word' id='word_1_209' title='bbox 194 3078 374 3151; x_wconf 87' lang='lat' dir='ltr'><strong>interiectio</strong></span> <span class='ocrx_word' id='word_1_210' title='bbox 399 3096 517 3150; x_wconf 79' lang='lat' dir='ltr'><strong>arctius</strong></span> <span class='ocrx_word' id='word_1_211' title='bbox 540 3089 791 3174; x_wconf 84' lang='lat' dir='ltr'><strong>coniungeretur</strong></span> <span class='ocrx_word' id='word_1_212' title='bbox 816 3104 891 3149; x_wconf 89' lang='lat' dir='ltr'><strong>curn</strong></span> <span class='ocrx_word' id='word_1_213' title='bbox 915 3085 1019 3151; x_wconf 87' lang='lat' dir='ltr'><strong>verbis</strong></span> <span class='ocrx_word' id='word_1_214' title='bbox 1038 3087 1172 3176; x_wconf 88' lang='lat' dir='ltr'><strong>aliisque</strong></span> 
     </span>
     <span class='ocr_line' id='line_1_32' title="bbox 136 3165 1170 3260; baseline 0.002 -23"><span class='ocrx_word' id='word_1_215' title='bbox 136 3165 315 3237; x_wconf 71' lang='lat' dir='ltr'><strong>vocabulis.</strong></span> <span class='ocrx_word' id='word_1_216' title='bbox 365 3170 475 3251; x_wconf 84' lang='lat' dir='ltr'><strong>Quare</strong></span> <span class='ocrx_word' id='word_1_217' title='bbox 498 3171 700 3257; x_wconf 85' lang='lat' dir='ltr'><strong>grammatici</strong></span> <span class='ocrx_word' id='word_1_218' title='bbox 720 3166 908 3260; x_wconf 83' lang='lat' dir='ltr'><strong>ambiguum</strong></span> <span class='ocrx_word' id='word_1_219' title='bbox 932 3194 1000 3236; x_wconf 89' lang='lat' dir='ltr'><strong>esse</strong></span> <span class='ocrx_word' id='word_1_220' title='bbox 1025 3174 1170 3239; x_wconf 81' lang='lat' dir='ltr'><strong>voeabu-</strong></span> 
     </span>
     <span class='ocr_line' id='line_1_33' title="bbox 136 3252 1222 3342; baseline 0.003 -19"><span class='ocrx_word' id='word_1_221' title='bbox 136 3252 208 3323; x_wconf 88' lang='lat' dir='ltr'><strong>lum</strong></span> <span class='ocrx_word' id='word_1_222' title='bbox 227 3264 436 3322; x_wconf 81' lang='lat' dir='ltr'><strong>eensuerunt.</strong></span> <span class='ocrx_word' id='word_1_223' title='bbox 478 3253 654 3323; x_wconf 86' lang='lat' dir='ltr'><strong>Diomedes</strong></span> <span class='ocrx_word' id='word_1_224' title='bbox 701 3262 799 3323; x_wconf 81' lang='lat'><strong>.412.</strong></span> <span class='ocrx_word' id='word_1_225' title='bbox 818 3267 897 3320; x_wconf 83' lang='lat' dir='ltr'><strong>sunt</strong></span> <span class='ocrx_word' id='word_1_226' title='bbox 913 3253 1086 3342; x_wconf 84' lang='lat' dir='ltr'><strong>plurimae</strong></span> <span class='ocrx_word' id='word_1_227' title='bbox 1112 3261 1169 3325; x_wconf 87' lang='lat' dir='ltr'><strong>di·</strong></span> <span class='ocrx_word' id='word_1_228' title='bbox 1220 3264 1222 3269; x_wconf 79' lang='grc'><strong>’</strong></span> 
     </span>
     <span class='ocr_line' id='line_1_34' title="bbox 136 3279 1169 3423; baseline 0.001 -16"><span class='ocrx_word' id='word_1_229' title='bbox 136 3338 262 3407; x_wconf 77' lang='lat' dir='ltr'><strong>oriones</strong></span> <span class='ocrx_word' id='word_1_230' title='bbox 290 3340 441 3408; x_wconf 80' lang='lat' dir='ltr'><strong>incertae</strong></span> <span class='ocrx_word' id='word_1_231' title='bbox 463 3336 554 3409; x_wconf 83' lang='lat' dir='ltr'><strong>inter</strong></span> <span class='ocrx_word' id='word_1_232' title='bbox 576 3279 738 3407; x_wconf 64' lang='lat' dir='ltr'><strong>adreriia</strong></span> <span class='ocrx_word' id='word_1_233' title='bbox 766 3353 800 3407; x_wconf 81' lang='lat' dir='ltr'><strong>et</strong></span> <span class='ocrx_word' id='word_1_234' title='bbox 828 3340 1095 3423; x_wconf 72' lang='lat' dir='ltr'><strong>imerici-tiones,</strong></span> <span class='ocrx_word' id='word_1_235' title='bbox 1133 3358 1169 3410; x_wconf 86' lang='lat' dir='ltr'><strong>ut</strong></span> 
     </span>
     <span class='ocr_line' id='line_1_35' title="bbox 133 3422 1169 3514; baseline 0 -21"><span class='ocrx_word' id='word_1_236' title='bbox 133 3434 185 3493; x_wconf 85' lang='lat' dir='ltr'><strong>est</strong></span> <span class='ocrx_word' id='word_1_237' title='bbox 198 3429 296 3500; x_wconf 80' lang='lat' dir='ltr'><strong>dens,</strong></span> <span class='ocrx_word' id='word_1_238' title='bbox 319 3427 393 3507; x_wconf 76' lang='lat' dir='ltr'><strong>den,</strong></span> <span class='ocrx_word' id='word_1_239' title='bbox 413 3422 480 3492; x_wconf 84' lang='lat' dir='ltr'><strong>eiu.</strong></span> <span class='ocrx_word' id='word_1_240' title='bbox 520 3429 665 3494; x_wconf 81' lang='lat' dir='ltr'><strong>Donatus</strong></span> <span class='ocrx_word' id='word_1_241' title='bbox 688 3449 719 3514; x_wconf 93' lang='lat' dir='ltr'><strong>p.</strong></span> <span class='ocrx_word' id='word_1_242' title='bbox 740 3429 832 3491; x_wconf 90' lang='grc'><strong>1761.</strong></span> <span class='ocrx_word' id='word_1_243' title='bbox 856 3436 935 3489; x_wconf 84' lang='lat' dir='ltr'><strong>sunt</strong></span> <span class='ocrx_word' id='word_1_244' title='bbox 949 3440 1063 3493; x_wconf 82' lang='lat' dir='ltr'><strong>antem</strong></span> <span class='ocrx_word' id='word_1_245' title='bbox 1077 3431 1169 3494; x_wconf 84' lang='lat' dir='ltr'><strong>mni·</strong></span> 
     </span>
     <span class='ocr_line' id='line_1_36' title="bbox 132 3508 1168 3595; baseline 0.003 -18"><span class='ocrx_word' id='word_1_246' title='bbox 132 3521 191 3579; x_wconf 84' lang='lat' dir='ltr'><strong>tae</strong></span> <span class='ocrx_word' id='word_1_247' title='bbox 208 3510 371 3581; x_wconf 80' lang='lat' dir='ltr'><strong>dictiones</strong></span> <span class='ocrx_word' id='word_1_248' title='bbox 389 3510 511 3578; x_wconf 71' lang='lat' dir='ltr'><strong>derbiae</strong></span> <span class='ocrx_word' id='word_1_249' title='bbox 530 3546 572 3563; x_wconf 46' lang='grc'><strong>-’</strong></span> <span class='ocrx_word' id='word_1_250' title='bbox 592 3508 681 3579; x_wconf 86' lang='lat' dir='ltr'><strong>inter</strong></span> <span class='ocrx_word' id='word_1_251' title='bbox 694 3511 889 3595; x_wconf 75' lang='lat' dir='ltr'><strong>odrerbium</strong></span> <span class='ocrx_word' id='word_1_252' title='bbox 910 3525 942 3576; x_wconf 86' lang='lat' dir='ltr'><strong>et</strong></span> <span class='ocrx_word' id='word_1_253' title='bbox 958 3514 1168 3580; x_wconf 82' lang='lat' dir='ltr'><strong>interiectio-</strong></span> 
     </span>
     <span class='ocr_line' id='line_1_37' title="bbox 132 3597 1166 3685; baseline 0.002 -22"><span class='ocrx_word' id='word_1_254' title='bbox 132 3616 230 3679; x_wconf 83' lang='lat' dir='ltr'><strong>nem,</strong></span> <span class='ocrx_word' id='word_1_255' title='bbox 253 3606 290 3662; x_wconf 83' lang='lat' dir='ltr'><strong>nt</strong></span> <span class='ocrx_word' id='word_1_256' title='bbox 312 3599 386 3662; x_wconf 69' lang='lat' dir='ltr'><strong>lieu.</strong></span> <span class='ocrx_word' id='word_1_257' title='bbox 422 3605 455 3661; x_wconf 87' lang='lat' dir='ltr'><strong>et</strong></span> <span class='ocrx_word' id='word_1_258' title='bbox 474 3621 507 3684; x_wconf 81' lang='lat' dir='ltr'><strong>p.</strong></span> <span class='ocrx_word' id='word_1_259' title='bbox 528 3603 619 3663; x_wconf 91' lang='grc'><strong>1760.</strong></span> <span class='ocrx_word' id='word_1_260' title='bbox 646 3597 835 3663; x_wconf 88' lang='lat' dir='ltr'><strong>adverbium</strong></span> <span class='ocrx_word' id='word_1_261' title='bbox 857 3599 1076 3685; x_wconf 88' lang='lat' dir='ltr'><strong>respondendi</strong></span> <span class='ocrx_word' id='word_1_262' title='bbox 1101 3624 1166 3664; x_wconf 92' lang='lat' dir='ltr'><strong>no-</strong></span> 
     </span>
     <span class='ocr_line' id='line_1_38' title="bbox 130 3680 1167 3764; baseline 0.002 -17"><span class='ocrx_word' id='word_1_263' title='bbox 130 3684 234 3748; x_wconf 89' lang='lat' dir='ltr'><strong>minat</strong></span> <span class='ocrx_word' id='word_1_264' title='bbox 250 3685 324 3748; x_wconf 75' lang='lat' dir='ltr'><strong>liert.</strong></span> <span class='ocrx_word' id='word_1_265' title='bbox 371 3683 471 3764; x_wconf 91' lang='lat' dir='ltr'><strong>Quod</strong></span> <span class='ocrx_word' id='word_1_266' title='bbox 489 3683 665 3748; x_wconf 90' lang='lat' dir='ltr'><strong>Cledonius</strong></span> <span class='ocrx_word' id='word_1_267' title='bbox 714 3728 723 3747; x_wconf 87' lang='lat'><strong>.</strong></span> <span class='ocrx_word' id='word_1_268' title='bbox 746 3688 837 3750; x_wconf 84' lang='lat'><strong>1875.</strong></span> <span class='ocrx_word' id='word_1_269' title='bbox 852 3682 992 3748; x_wconf 86' lang='lat' dir='ltr'><strong>illustrat</strong></span> <span class='ocrx_word' id='word_1_270' title='bbox 1006 3680 1076 3749; x_wconf 68' lang='lat' dir='ltr'><strong>hisi</strong></span> <span class='ocrx_word' id='word_1_271' title='bbox 1100 3686 1167 3752; x_wconf 73' lang='lat' dir='ltr'><strong>&#39;lieu</strong></span> 
     </span>
     <span class='ocr_line' id='line_1_39' title="bbox 132 3706 1165 3857; baseline 0.005 -25"><span class='ocrx_word' id='word_1_272' title='bbox 132 3765 360 3856; x_wconf 85' lang='lat' dir='ltr'><strong>quaerendum</strong></span> <span class='ocrx_word' id='word_1_273' title='bbox 390 3780 456 3847; x_wconf 79' lang='lat' dir='ltr'><strong>est,</strong></span> <span class='ocrx_word' id='word_1_274' title='bbox 488 3768 622 3856; x_wconf 82' lang='lat' dir='ltr'><strong>quando</strong></span> <span class='ocrx_word' id='word_1_275' title='bbox 646 3706 841 3833; x_wconf 68' lang='lat' dir='ltr'><strong>odierium</strong></span> <span class='ocrx_word' id='word_1_276' title='bbox 862 3772 907 3834; x_wconf 83' lang='lat' dir='ltr'><strong>sit</strong></span> <span class='ocrx_word' id='word_1_277' title='bbox 923 3771 1165 3857; x_wconf 80' lang='lat' dir='ltr'><strong>respondendi,</strong></span> 
     </span>
     <span class='ocr_line' id='line_1_40' title="bbox 130 3850 1164 3942; baseline 0.002 -25"><span class='ocrx_word' id='word_1_278' title='bbox 130 3853 266 3940; x_wconf 80' lang='lat' dir='ltr'><strong>qrrando</strong></span> <span class='ocrx_word' id='word_1_279' title='bbox 293 3852 491 3919; x_wconf 82' lang='lat' dir='ltr'><strong>interiectio.</strong></span> <span class='ocrx_word' id='word_1_280' title='bbox 544 3853 585 3917; x_wconf 88' lang='lat' dir='ltr'><strong>Si</strong></span> <span class='ocrx_word' id='word_1_281' title='bbox 606 3850 738 3917; x_wconf 75' lang='lat' dir='ltr'><strong>uerbum</strong></span> <span class='ocrx_word' id='word_1_282' title='bbox 760 3852 925 3942; x_wconf 74' lang='lat' dir='ltr'><strong>sequitur,</strong></span> <span class='ocrx_word' id='word_1_283' title='bbox 957 3855 1164 3939; x_wconf 79' lang='lat' dir='ltr'><strong>adverbium,</strong></span> 
     </span>
     <span class='ocr_line' id='line_1_41' title="bbox 128 3936 1163 4025; baseline 0.006 -23"><span class='ocrx_word' id='word_1_284' title='bbox 128 3936 161 4007; x_wconf 86' lang='lat' dir='ltr'><strong>si</strong></span> <span class='ocrx_word' id='word_1_285' title='bbox 185 3940 333 4004; x_wconf 83' lang='lat' dir='ltr'><strong>alterum</strong></span> <span class='ocrx_word' id='word_1_286' title='bbox 347 3945 487 4025; x_wconf 86' lang='lat' dir='ltr'><strong>purtem</strong></span> <span class='ocrx_word' id='word_1_287' title='bbox 512 3939 697 4013; x_wconf 81' lang='lat' dir='ltr'><strong>orationis,</strong></span> <span class='ocrx_word' id='word_1_288' title='bbox 731 3937 919 4005; x_wconf 84' lang='lat' dir='ltr'><strong>interiectio</strong></span> <span class='ocrx_word' id='word_1_289' title='bbox 948 3954 1009 4006; x_wconf 81' lang='lat' dir='ltr'><strong>est.</strong></span> <span class='ocrx_word' id='word_1_290' title='bbox 1060 3942 1163 4010; x_wconf 86' lang='lat' dir='ltr'><strong>Conf.</strong></span> 
     </span>
     <span class='ocr_line' id='line_1_42' title="bbox 127 4020 1162 4116; baseline 0.006 -26"><span class='ocrx_word' id='word_1_291' title='bbox 127 4042 164 4113; x_wconf 82' lang='lat' dir='ltr'><strong>p.</strong></span> <span class='ocrx_word' id='word_1_292' title='bbox 183 4028 282 4096; x_wconf 85' lang='grc'><strong>1936.</strong></span> <span class='ocrx_word' id='word_1_293' title='bbox 295 4020 352 4090; x_wconf 90' lang='lat' dir='ltr'><strong>nbi</strong></span> <span class='ocrx_word' id='word_1_294' title='bbox 367 4020 510 4093; x_wconf 86' lang='lat' dir='ltr'><strong>adverbii</strong></span> <span class='ocrx_word' id='word_1_295' title='bbox 527 4025 716 4114; x_wconf 81' lang='lat' dir='ltr'><strong>exemptum</strong></span> <span class='ocrx_word' id='word_1_296' title='bbox 730 4026 824 4095; x_wconf 84' lang='lat' dir='ltr'><strong>affert</strong></span> <span class='ocrx_word' id='word_1_297' title='bbox 839 4049 879 4092; x_wconf 83' lang='lat' dir='ltr'><strong>ex</strong></span> <span class='ocrx_word' id='word_1_298' title='bbox 895 4027 1010 4116; x_wconf 87' lang='lat' dir='ltr'><strong>Virgil.</strong></span> <span class='ocrx_word' id='word_1_299' title='bbox 1028 4030 1108 4096; x_wconf 83' lang='lat' dir='ltr'><strong>Aen.</strong></span> <span class='ocrx_word' id='word_1_300' title='bbox 1127 4036 1162 4112; x_wconf 79' lang='lat'><strong>2,</strong></span> 
     </span>
    </p>
   </div>
   <div class='ocr_carea' id='block_1_6' title="bbox 0 0 1320 4770">
    <p class='ocr_par' dir='ltr' id='par_1_9' title="bbox 0 0 1320 4770">
     <span class='ocr_line' id='line_1_43' title="bbox 0 0 1320 4770; baseline 0 13"><span class='ocrx_word' id='word_1_301' title='bbox 0 0 1320 4770; x_wconf 95' lang='lat' dir='ltr'><strong> </strong></span> 
     </span>
    </p>
   </div>
  </div>
 </body>
</html>
