2632 4770
209 268 273 337 500
647 254 823 338 mecm

280 416 309 483 2,
322 413 349 470 4.
371 414 482 469 Terent·
497 407 580 465 intr.
593 407 621 474 8,
633 407 663 471 d,
678 409 723 462 18.
741 411 820 462 imme
840 407 880 462 ite
901 409 977 474 uste,
994 411 1085 479 itaque
1100 410 1224 481 postule,
1242 416 1274 463 ut

231 536 236 545 ·
279 505 344 571 flet·
377 496 575 555 utinensem.
608 494 678 545 Heu.
699 491 826 559 2,1‚1t.
850 489 877 557 4,
892 490 960 559 211.
982 491 1051 561 4‚·2,
1067 493 1111 547 28.
1137 495 1160 546 si
1185 500 1275 547 cetera

273 589 326 641 'itu
345 592 412 639 sunl*
423 589 454 635 ut
470 583 526 646 uis,
547 581 636 647 itaque
649 585 680 630 ut
695 595 747 630 csse
762 594 811 645 ege
828 579 877 630 illu
889 578 1020 631 existumo.

189 672 201 691 Χ
289 757 292 761 .
323 690 400 741 cnm.
417 686 450 737 11.
473 683 540 753 gell.
564 682 590 743 1,
612 679 655 732 m.
680 680 719 730 ite
737 680 820 758 nestri
842 682 938 733 acriter
954 681 984 733 in
1005 682 1090 733 leustes
1109 681 1189 750 signo
1207 681 1276 733 datu

288 773 411 841 impetum
420 772 551 835 fecerunt,
568 766 654 833 itaque
669 765 753 816 hostes
773 771 875 831 repente
894 765 1056 832 celeriterque
1072 773 1275 834 procurrerunt.

288 855 346 907 cio.
362 847 483 917 Bruti,
496 846 538 899 10.
561 849 677 900 homines
694 876 729 884 —
749 848 815 900 mttt
830 847 870 898 ite
891 849 962 913 euri,
981 851 1070 917 itaque
1092 851 1222 913 iucundi,
1244 857 1277 901 ut

257 940 261 949 '
290 954 378 991 semim
399 936 521 1003 adspectu
544 932 645 995 omnis,
676 948 740 998 quae
765 933 954 1000 me'ungebat,
980 935 1012 987 dc
1035 935 1184 1003 republica
1210 952 1278 986 cure

288 1020 434 1074 consederit.
469 1015 543 1069 Pntt.
566 1014 608 1078 13,
625 1015 651 1079 3,
665 1015 692 1069 li.
721 1016 755 1068 de
772 1015 881 1080 Fiml,
896 1015 940 1081 111,
953 1014 997 1073 34.
1024 1018 1083 1071 Lis.
1100 1020 1125 1084 1,
1140 1016 1168 1084 4,
1185 1019 1214 1071 8.
1238 1020 1278 1072 ite

286 1107 371 1177 geniti
395 1105 482 1170 itaque
502 1102 618 1164 educati,
641 1116 720 1168 quum
739 1102 987 1177 primumledslevit
1008 1111 1080 1173 ectus
1096 1130 1131 1138 -
1148 1104 1277 1155 uenando

222 1231 224 1234 ψ
286 1204 430 1261 peregeram
444 1187 512 1238 circe
525 1187 615 1238 seltm.

309 1346 338 1404 2.
359 1338 420 1402 Hic
437 1358 512 1400 usus
533 1358 593 1422 pei·
618 1336 729 1400 omnis
751 1338 1046 1427 temp01·a,mnnsit
1069 1338 1102 1400 in
1125 1336 1274 1400 coniun-

225 1425 337 1513 gendis
356 1423 653 1499 enuntiationibus,
675 1424 772 1487 etism
789 1445 858 1487 non
875 1422 1195 1520 praecedentum
1211 1444 1273 1484 nec

182 1537 185 1543 ·
249 1519 354 1575 oterst
370 1509 473 1570 ullum
489 1500 1063 1595 te1n011sn·aTs6in's“g*e·11m··tmenni‚
1088 1509 1176 1594 quod
1202 1530 1274 1570 non

221 1536 534 1679 inincopulntioni
565 1602 676 1676 aptum
719 1594 889 1659 videretur.
945 1594 1106 1681 Exempla
1136 1592 1274 1678 collegit

222 1680 439 1748 Menckenius
460 1676 627 1741 Obseivet.
649 1701 681 1764 p.
699 1683 772 1742 548.

326 1799 383 1850 cte.
398 1797 521 1850 in-Verr.
545 1793 572 1860 2,
589 1794 633 1858 35,
650 1794 691 1847 88.
708 1799 783 1849 'nune
804 1799 843 1851 ms
865 1800 926 1850 locis
945 1800 1032 1867 positu
1054 1803 1129 1862 sunt,
1148 1803 1180 1849 ut
1204 1798 1271 1849 milei

290 1899 389 1952 semper
405 1882 531 1949 Scipionis
538 1883 600 1947 fuse
613 1881 765 1943 uideantur,
785 1883 872 1950 itaque
890 1883 1019 1934 dicentur.
1053 1881 1115 1932 Div.
1137 1880 1168 1932 in
1186 1883 1270 1934 (laec.

238 1998 243 2003 -
293 1966 318 2032 1,
335 1968 360 2019 2.
386 1982 463 2033 quum
483 1971 602 2031 quaestus
623 1965 650 2015 in
672 1966 763 2015 Sicilia
780 1968 908 2033 fuissem,
937 1967 1051 2028 iudices,
1076 1967 1163 2033 itaque
1187 1984 1220 2018 ee
1238 1985 1272 2018 eu

290 2049 425 2120 prouincia
441 2048 614 2110 decessissem,
635 2054 664 2098 ut
689 2049 783 2111 Siculis
809 2051 925 2101 omnibus
946 2051 1085 2101 iucundam
1103 2051 1272 2101 diuturnum-

291 2152 338 2203 que
353 2133 502 2184 memoriam
518 2137 671 2197 quaesturae
688 2133 844 2201 neminisque
861 2133 911 2184 mci
928 2134 1102 2197 relinquerem.
1133 2133 1168 2184 ed
1191 2135 1271 2186 Fam.

293 2213 438 2281 11113.
460 2223 518 2283 pete
534 2216 686 2284 igiturnbs
702 2223 746 2278 te,
765 2222 794 2267 ut
811 2233 869 2271 eum
885 2232 917 2255 -⁴
937 2218 964 2269 in
986 2220 1047 2270 meis
1063 2219 1161 2269 intimis
1181 2220 1270 2270 mexi-

291 2319 379 2368 meque
400 2301 545 2371 necessuriis
564 2301 628 2349 scius
651 2316 719 2362 csse,
749 2300 837 2368 itaque
862 2307 976 2367 tractes,
1006 2308 1036 2353 ut
1058 2292 1194 2369 intelliget
1217 2307 1270 2364 ete,

294 2386 400 2437 cluent.
416 2383 458 2448 lt,
474 2380 516 2434 51.
534 2383 622 2451 itaque
631 2385 694 2448 feei.
712 2384 730 2436 i.
746 2375 771 2438 c.
797 2391 824 2449 ct
840 2384 894 2437 hoe
915 2387 993 2459 iecit
1013 2404 1038 2454 p.
1061 2385 1149 2437 Deiot.
1169 2385 1198 2450 1,
1225 2384 1267 2439 19.

292 2467 326 2519 de
342 2469 447 2520 Invent.
462 2463 555 2531 2,,24,
577 2465 619 2518 12.
646 2467 752 2521 Curnet.
773 2469 830 2521 nn.
848 2467 875 2533 4,
891 2468 917 2522 2.
943 2470 1039 2523 inimici
1063 2488 1121 2522 uero
1138 2497 1172 2506 -
1201 2470 1269 2522 illud

268 2542 271 2549 ’
292 2559 389 2621 tempus
402 2552 597 2621 exspectandum
620 2553 800 2615 decreverunt,
819 2573 866 2621 qne
890 2555 1011 2617 scissent,
1032 2562 1060 2606 nt
1080 2556 1116 2605 sie
1136 2555 1269 2606 absentem

236 2624 241 2633 ⁸
292 2633 518 2705 aggrederentur!
543 2636 628 2701 itaque
644 2637 772 2699 fecerunt.
809 2636 864 2688 Cic.
885 2640 918 2689 nd
936 2639 1012 2690 Fam.
1036 2635 1061 2700 5,
1077 2637 1119 2700 11,
1134 2636 1159 2688 2.
1180 2639 1269 2704 itaque

288 2722 400 2786 fecium.
433 2719 481 2770 ubi
507 2718 621 2770 Cottius·
655 2717 680 2782 3,
695 2715 720 2781 3,
736 2717 761 2770 2.
786 2718 811 2784 3,
827 2717 852 2785 5,
867 2718 892 2772 9.
912 2722 969 2774 Liv.
990 2721 1016 2784 3,
1033 2720 1076 2786 811,
1092 2722 1116 2772 1.
1137 2721 1267 2773 tricesimo

291 2812 360 2857 seete
374 2822 442 2856 enne
458 2822 475 2855 u
488 2805 580 2871 primis
597 2803 705 2853 tribunis
720 2803 799 2869 plebis
814 2806 897 2855 decem
915 2809 996 2857 creati
1012 2815 1079 2868 sunt,
1098 2807 1150 2856 tini
1165 2822 1198 2856 cn
1212 2807 1266 2856 sin-

292 2889 363 2956 gulis
379 2887 516 2938 clussilus:
535 2886 621 2952 itaque
636 2893 736 2936 cautum
746 2894 792 2950 est,
809 2895 838 2938 ut
852 2897 1104 2955 pesteucrearentur.
1138 2888 1187 2940 uhi
1202 2889 1265 2940 vide

291 2970 427 3024 Drakenb.
462 2969 618 3037 Fragment.
636 2969 719 3021 Vutic.
734 2969 758 3021 1.
777 2972 821 3039 qni
835 2989 852 3022 e
869 2975 971 3025 muliere
986 2975 1040 3024 sine
1060 2973 1153 3024 tuteris
1173 2981 1265 3025 aucte-

290 3057 370 3109 ritutc
390 3057 470 3107 sciens
492 3069 544 3104 rem
566 3053 677 3120 mancipi
698 3055 774 3117 emit,
800 3057 840 3106 uel
856 3059 929 3121 salse
952 3065 1034 3110 tutore
1053 3066 1170 3120 auctore,
1190 3075 1264 3126 quem

290 3142 421 3193 sciitnen
443 3154 508 3199 esse,
532 3155 581 3188 non
598 3136 698 3187 uidetur
719 3137 784 3188 bena
806 3141 859 3202 fide
879 3144 973 3194 emisse·
1014 3144 1101 3210 ltaque
1120 3149 1144 3192 et
1165 3150 1264 3194 ueteres

225 3263 227 3266 >
288 3231 383 3294 putent
403 3229 429 3275 et
447 3223 561 3273 Sabinus
577 3228 602 3273 et
618 3222 720 3272 Cassius
736 3223 856 3276 scribunt.
891 3226 966 3277 Geni.
987 3225 1142 3278 Heumanni
1157 3225 1262 3277 Poecil.

290 3308 369 3359 Tem.
386 3302 412 3356 2.
429 3324 456 3373 p.
470 3303 530 3356 366.
566 3302 644 3375 Apud
665 3304 826 3358 Sallustium
843 3324 913 3358 nunc
935 3309 1036 3376 legitur
1054 3308 1171 3376 Caele,
1187 3311 1214 3361 1.
1232 3312 1263 3362 in

289 3396 367 3445 tantu
383 3390 471 3459 deque
485 3398 605 3459 corrupta
620 3390 730 3442 ciuitate.
765 3391 827 3444 vide
841 3391 983 3446 Kritzium.

307 3546 338 3604 3.
362 3540 501 3628 Itaque,
522 3541 613 3627 quod
637 3551 686 3604 est
710 3554 810 3630 atque
831 3546 900 3618 itu,
923 3556 1099 3631 usurpetur
1122 3543 1259 3630 pr'oprie

221 3625 259 3689 in¹
280 3628 488 3690 annectendis
513 3628 565 3704 iis,
597 3648 677 3712 quae
702 3622 740 3690 eii
765 3621 962 3693 antedictis
1019 3633 1174 3710 rodeunt,
1203 3640 1263 3692 aut

220 3731 293 3774 cum
312 3712 350 3774 iis
368 3712 501 3775 causssti
516 3730 603 3774 n'exu
627 3711 811 3779 cohaercdt.
855 3713 972 3778 Sensus
996 3655 1048 3778 iiie
1076 3715 1165 3778 reddi
1179 3721 1263 3800 ‘pot-

221 3806 287 3859 est:
309 3808 339 3860 st
367 3792 625 3873 ue'hoo'medd',
650 3807 747 3882 etque
764 3820 803 3862 eo
820 3788 1042 3876 isci'e‘fftitn
1057 3801 1182 3864 sectum
1200 3811 1262 3864 est.

149 3885 152 3895 ’
215 3879 304 3945 Idem
330 3821 722 3969 ffififii'isipemffiplici
746 3883 905 3950 vocabulo
930 3899 1030 3972 atque
1053 3887 1260 3972 exprimunt.

216 3967 299 4032 Vide
321 3967 420 4032 Tcm.
440 3975 467 4030 1.
490 3990 522 4052 p.
537 3971 610 4031 475.
657 3967 714 4032 tlte
731 3988 809 4035 vero
831 3968 976 4042 dictione
992 3971 1138 4036 historici
1161 3973 1259 4057 opti-

210 4053 259 4118 mi
274 4074 372 4142 seepe
388 4051 438 4118 usi
455 4065 539 4117 sunt.
