2632 4770
582 237 640 304 ιιι.
947 215 953 233 ’
991 259 996 265 ’
1043 296 1046 301 .
1080 236 1146 312 aar
1181 240 1190 257 ⁵

102 413 168 460 iaec
182 391 280 458 verba
304 387 422 474 affert,
443 413 512 456 nou
531 393 639 456 maior
659 400 708 455 eat
727 393 922 479 auctoritas,
944 416 1006 462 uec
1028 400 1143 466 scribis

102 480 244 545 blatirus
269 479 385 541 notior
413 439 482 543 brat
509 499 622 542 casus.
659 469 766 542 immo
801 486 994 549 recentioris
1023 490 1144 553 saeculi
1198 500 1202 509 “
1239 507 1242 511 ·

102 589 163 631 isus
179 563 399 650 frequentavit
414 564 651 628 accusativum:
679 564 790 628 uude
780 587 815 628 m
833 576 981 633 veterum
997 573 1144 662 scripto-

104 675 163 718 um
179 651 282 717 libros
299 672 397 736 saepe
412 663 462 714 est
478 655 644 737 receptus.

189 773 288 825 Ponere
305 786 368 821 cum
387 769 545 822 accusativo
561 759 733 836 componitur
756 784 773 820 a
792 767 877 836 poetis
900 772 929 822 ct
951 773 986 837 ab
1004 777 1141 834 recentio-

151 853 406 911 ribuaorato'ribus.
441 854 533 908 Plaut.
548 853 626 907 Τιίιι.
641 852 675 918 3,
691 852 726 918 3,
743 853 786 907 19.
804 872 894 906 aerum
909 857 955 909 loc
971 877 1021 929 ego
1043 879 1142 930 uerear,

153 959 186 994 ne
199 943 279 992 istaec
293 938 447 1008 pollicitatio
467 941 522 992 le
512 958 541 991 ιιι
563 941 657 991 crimen
677 941 773 1007 popula
790 948 872 1008 ponat
892 948 970 1010 atqua
991 945 1142 1013 infamiam.
1205 969 1212 992 ι

153 1025 234 1077 Ovid.
254 1025 321 1075 Met.
338 1021 373 1086 8,
388 1021 450 1075 452.
467 1024 582 1077 Remed.
607 1017 668 1076 719.
710 1023 804 1076 Pauca
822 1026 963 1092 exempla,
982 1047 1054 1098 quae
1070 1034 1143 1101 apud

155 1111 318 1163 Ciceronem
333 1108 525 1174 inveniuntur,
550 1114 598 1163 aul
611 1108 784 1178 singularem
807 1111 911 1163 habeut
932 1129 1073 1182 caussam,
1095 1124 1144 1171 aut

152 1201 278 1262 suspecta
297 1199 367 1246 suut.
403 1193 460 1246 Cic.
476 1189 512 1246 de
526 1194 587 1247 Fin.
601 1193 627 1260 5,
638 1195 664 1259 2,
675 1193 700 1245 b'.
718 1211 875 1263 quacumque
891 1195 959 1248 enim
970 1198 1142 1270 ingredimar,
1232 1255 1236 1267 ,

153 1281 184 1333 in
201 1281 317 1346 aliquam
330 1280 468 1333 historiam
485 1281 626 1350 vertiginem
642 1279 769 1348 ponimus.
802 1278 863 1329 uuo
879 1279 987 1333 codices
1001 1285 1029 1336 in
1051 1287 1143 1357 aliqua

154 1365 263 1417 historia
286 1358 428 1432 praebant.
464 1363 499 1417 ad
517 1365 573 1422 Art.
592 1361 626 1428 5,
641 1361 670 1415 3.
698 1362 772 1431 apud
793 1362 932 1414 Lentulum
951 1382 1049 1434 panum
1070 1377 1095 1422 tc
1114 1371 1157 1435 in>

152 1449 286 1517 gratiam.
325 1447 467 1500 Ernestius
488 1447 686 1501 restituendum
709 1446 825 1514 putabat
841 1445 868 1496 in
892 1448 992 1515 gratia.
1033 1451 1143 1508 Graeca

155 1533 255 1601 lingua
293 1538 465 1600 comparata,
503 1522 699 1585 dubitaveram
728 1528 903 1598 grammatici
929 1531 977 1602 de¹
997 1533 1143 1590 latinitate.

154 1618 248 1684 Quare
263 1618 370 1670 Gellius
394 1615 438 1680 17,
454 1617 480 1670 2.
499 1634 532 1669 ex
545 1619 579 1684 Q.
603 1613 714 1668 Claudii
729 1602 895 1677 Annalibusr
913 1632 975 1680 nos,
991 1617 1096 1689 iuquit,
1114 1621 1143 1674 in
1242 1638 1245 1643 ·

153 1704 266 1754 mediam
287 1704 477 1770 relinquemus:
500 1701 597 1770 uulgus
616 1701 644 1752 in
663 1700 748 1752 medio
767 1701 863 1755 aleier
875 1717 938 1753 nam
960 1702 1052 1755 uitium
1075 1705 1160 1761 ietae'

152 1793 246 1854 putant
262 1795 285 1838 et
301 1788 323 1838 si
339 1788 410 1838 dicus
431 1789 459 1838 in
476 1787 587 1838 medinm
603 1800 712 1854 ponere,
735 1784 763 1835 id
782 1801 880 1853 quaque
894 1801 948 1838 esre
966 1787 1143 1843 aabeciamam
1206 1802 1209 1808 “

154 1876 264 1937 patant,
282 1877 307 1923 et
321 1872 484 1939 probabilius
498 1871 742 1940 significantiusque
762 1870 799 1921 aie
812 1871 866 1921 dici
881 1870 1022 1936 uidebitur,
1039 1870 1067 1924 ai
1086 1876 1143 1942 qnia
1171 1919 1174 1924 .
1261 1882 1272 1897 '⁸

156 1970 189 2006 ca
211 1956 291 2006 verba
311 1973 363 2007 nan
385 1956 509 2008 incuriose
529 1945 700 2024 introspiciat.
743 1954 839 2006 Graece
861 1968 960 2023 quaerre
982 1957 1080 2031 deirae
1102 1959 1154 2022 εἰς·

153 2034 240 2104 μέσον
255 2040 347 2091 uitium
364 2040 392 2091 id
403 2057 455 2091 non
472 2046 517 2091 eat.
551 2037 663 2092 Coelius
676 2037 711 2090 ad
727 2037 785 2090 Cic.
801 2036 835 2102 8,
849 2036 882 2103 6,
896 2036 940 2090 14.
954 2042 1053 2109 Ιιιιιιιιὺο
1069 2047 1104 2107 ie,
1118 2044 1143 2096 ei

122 2136 126 2144 ’
150 2125 222 2192 quid,
240 2126 306 2192 qnod
321 2142 386 2193 opus
395 2123 488 2193 suerit,
508 2123 707 2192 Appiosaeiea,
722 2121 815 2192 penita
828 2139 869 2175 me
883 2122 1050 2194 ingratiam.
1085 2115 1142 2189 Alii

152 2207 218 2260 libri
234 2211 334 2278 gralia.
368 2215 400 2261 ut
414 2207 471 2259 Cic.
488 2207 524 2260 ad
537 2206 598 2276 art.
612 2203 639 2270 5,
657 2205 700 2258 11.
720 2208 750 2259 el
767 2204 793 2271 6,
808 2205 833 2258 1.
868 2206 963 2277 Quare
976 2208 1022 2265 vix
1036 2211 1142 2266 tribue-

152 2310 214 2346 mus
227 2294 273 2346 uni
289 2294 333 2346 illi
349 2294 410 2347 loco
426 2291 616 2346 auctoritatem
629 2304 767 2359 maguam.
791 2293 833 2344 De
843 2293 896 2345 bac
911 2293 1071 2362 loquutione
1085 2297 1142 2351 vid.
1225 2330 1235 2354 a

158 2380 278 2430 Gronov.
294 2380 329 2430 ad
352 2377 472 2444 arula,
487 2375 532 2441 14,
548 2375 574 2428 i.
609 2375 688 2442 Quae
703 2377 775 2443 apud
794 2377 902 2430 Livium
923 2379 1070 2448 legrurtur,
1089 2400 1141 2437 ex-

155 2470 229 2516 stant
250 2464 278 2516 in
298 2464 370 2516 libro
387 2462 432 2516 41.
452 2461 567 2529 criticis
579 2460 690 2512 auxiliis
705 2458 843 2513 destituto.
876 2461 919 2513 lbi
942 2480 972 2516 c.
989 2463 1041 2531 28,
1055 2466 1081 2520 8.
1096 2475 1143 2522 aa.
1243 2502 1248 2509 .

155 2552 260 2602 baluin
274 2551 363 2604 aedem
379 2550 476 2602 Matris
492 2548 615 2599 Matutae
631 2540 688 2598 iam
709 2545 796 2597 indiae
807 2546 863 2623 'aar
879 2549 968 2615 posita
981 2557 1028 2603 est.
1051 2553 1100 2606 ubi
1114 2571 1146 2606 m
1242 2590 1254 2602 ,.

157 2635 252 2687 littera
268 2652 301 2686 ex
318 2634 441 2703 proximo
463 2630 572 2686 nomine
592 2635 657 2706 nata
676 2628 792 2682 ridetur.
831 2647 854 2682 c.
876 2629 927 2695 29,
949 2628 974 2683 7.
1011 2623 1099 2704 Cyzici
1112 2639 1142 2691 in

156 2719 365 2786 Prplaaeum-
384 2736 449 2771 oasa
467 2735 550 2770 aurea
568 2732 673 2769 mensae
695 2714 772 2767 anius
793 2715 889 2784 posuit.
925 2717 957 2770 lu
980 2718 1031 2785 38,
1047 2720 1098 2790 35,
1112 2721 1140 2777 4.
1190 2711 1193 2715 ⁴
1263 2782 1265 2787 .

156 2805 214 2856 cod.
231 2804 377 2873 bamberg.
391 2821 462 2856 nuuc
477 2801 619 2870 praebet
607 2818 635 2854 ιιι
649 2801 722 2853 aede
748 2798 1142 2866 Garobtsr.1,19..mncr-
1307 2789 1310 2794 Ι

151 2897 205 2944 tem
221 2891 328 2942 allerias
344 2906 414 2958 spem
427 2896 456 2941 ta
470 2888 520 2940 tili
531 2903 626 2957 ponere
644 2884 708 2939 noli.
742 2881 789 2936 ubi
804 2885 935 2940 Arataeu.
1171 2884 1174 2889 ’

189 2995 329 3061 Deponere.
366 2993 445 3044 Caes.
461 2990 532 3043 Bell.
546 2984 662 3059 galil,
678 2984 721 3038 19.
745 2993 827 3039 nt·-
844 2986 953 3055 ῑὶῠιιοι,
972 3007 1064 3046 naeres
1078 3011 1142 3050 sua
1128 3013 1163 3068 '.
1260 2970 1266 2989 ¹

155 3095 203 3145 quc
218 3079 304 3129 omnio
318 3076 346 3127 in
361 3078 440 3128 silvas
456 3078 623 3147 deponerent.
655 3071 754 3126 lustin.
768 3069 795 3136 4,
808 3068 835 3136 5,
849 3070 876 3124 8.
895 3057 1041 3135 Columell
1057 3079 1084 3144 3
1097 3080 1141 3148 10

154 3161 200 3307 ²lg.
218 3163 373 3306 depugptam
391 3169 417 3214 et
437 3161 577 3215 interram
598 3158 766 3228 depositum.
782 3157 839 3212 rid.
857 3146 998 3272 Bralrcnb
1021 3162 1056 3216 ad
1079 3164 1141 3220 Irir.

218 3243 251 3293 ll
1229 3240 1234 3247 ⁸

192 3349 334 3416 Apparere.
368 3347 493 3414 Propert.
509 3343 636 3412 2,9,11.
656 3351 680 3398 et
702 3318 1041 3404 daminumlamtmoerena
1058 3318 1158 3423 capti-⁸

155 3449 190 3484 ca
206 3438 339 3483 cruentum
355 3432 503 3500 apperitum
514 3431 596 3498 flavia
612 3432 640 3483 in
657 3430 790 3483 Simoenta
805 3432 889 3484 vadi.
1006 3446 1013 3453 “

191 3532 335 3602 imponere.
375 3532 490 3585 Terent.
507 3533 541 3598 1,
557 3531 591 3598 1,
608 3531 669 3584 193.
694 3534 724 3586 in
747 3535 838 3603 ignem
860 3536 982 3605 imperita
999 3543 1045 3591 eat.
1083 3539 1142 3595 Cic.
1209 3574 1222 3597 t

157 3618 240 3670 Taso.
257 3617 283 3683 5,
299 3615 325 3684 5,
341 3617 383 3670 13.
402 3619 493 3670 charas
507 3619 637 3671 virtutium
651 3618 820 3685 aemulam
834 3619 977 3688 impositae.
1003 3622 1072 3676 Vide
1087 3624 1144 3680 alia

158 3704 246 3757 multa
263 3704 335 3772 apud
349 3703 489 3757 Drakeub.
504 3702 539 3756 ad
552 3701 613 3754 luiv.
629 3702 656 3766 1,
671 3699 714 3767 18,
729 3699 756 3755 8.
788 3703 920 3773 impanare
932 3706 966 3758 Ιιἰι
985 3709 1070 3776 eapite
1089 3727 1154 3773 aon¹
1186 3766 1190 3770 Α

157 3787 300 3843 adversari
315 3791 400 3844 latine
412 3777 542 3859 loquendi
555 3786 656 3842 rationi
669 3786 866 3841 demonstrarit
879 3789 974 3850 Daris.
988 3791 1024 3845 ad
1039 3793 1144 3850 Clade

159 3871 222 3927 Nat.
238 3874 264 3926 d.
281 3876 307 3941 1,
325 3876 368 3929 2⁰.

192 3976 335 4045 Reponcr'e.
370 3976 578 4046 Oudendorpiua
600 3975 636 4031 ad
653 3975 711 4030 Cic.
728 3975 845 4061 Rhetor.
865 3975 897 4040 1‚'
912 3977 956 4030 26.
980 3978 1059 4035 docet
1081 3997 1144 4036 eum

159 4062 318 4131 accusativo
331 4062 427 4135 iungi,
445 4062 555 4135 qundo
567 4079 614 4118 ces
628 4061 730 4118 ἰιιιιιιιι
747 4068 864 4189 praepar
879 4077 914 4115 eo
930 4063 1008 4133 loca,
1025 4066 1072 4120 cui
1091 4082 1157 4122 au·.

716 4192 719 4196 -
750 4149 793 4211 20
