2632 4770
224 276 245 338 4
617 255 857 325 HACTENVS.

229 425 367 490 bationis
385 415 503 482 abhoc
525 412 618 491 loco,
642 411 842 494 utvidetur‚
864 409 1012 477 alienam.
1055 404 1184 474 Tamen
1207 411 1265 475 ni·
1300 417 1308 439 ²

230 512 278 578 1111
293 501 484 575 mutandum
499 499 572 564 erit.

528 656 949 757 HACTENVS.

310 837 498 902 anrnnvs
536 808 580 897 uo
594 805 932 915 modoeompositum
947 820 1045 893 sitex
1063 827 1128 891 hac
1152 836 1185 891 et
1210 839 1265 895 te-
1301 808 1308 831 ²

228 944 308 999 1616,
337 920 480 984 diximus
503 856 603 982 lom.
621 923 652 981 2.
674 938 710 1001 p.
733 919 809 980 339.
860 912 971 976 Nexus
1003 923 1110 978 autem
1139 911 1267 978 horum

227 1003 464 1071 vocabulorum
483 1026 552 1068 non
563 1013 632 1069 tam
652 999 766 1069 lirinus
778 1007 871 1074 erat,
894 999 973 1084 quin
986 998 1183 1084 interposito
1200 998 1266 1062 alio

227 1090 329 1155 'verbo
349 1090 495 1175 separari
518 1086 696 1176 potuerint.
719 1084 904 1170 ⁴,Distraotn
928 1138 931 1145 .
955 1092 1111 1147 osuerunt
1133 1093 1265 1164 poetae,

227 1176 382 1262 Virgilius
398 1175 478 1238 Aen.
495 1175 533 1252 5,
549 1178 623 1237 603.
644 1173 675 1252 6,
694 1170 747 1232 62.
764 1169 896 1252 aliique.
963 1178 978 1228 t
992 1166 1146 1232 ridentur
1163 1167 1268 1232 fuisse

228 1263 285 1345 qui
311 1280 444 1344 semper
464 1260 530 1322 1166
553 1269 649 1321 tenus
675 1248 867 1317 scriberent.
885 1248 934 1315 cf.
955 1253 1082 1317 Nonius
1106 1253 1209 1317 Marc.
1233 1255 1266 1333 4,

227 1346 301 1410 384.
352 1345 380 1407 Ο
408 1364 480 1406 6166
509 1343 566 1405 vix
592 1337 737 1426 pretium
757 1338 823 1401 erit
846 1354 1108 1402 commemorare
1128 1338 1267 1425 opinio-

226 1366 421 1495 1161666111.
443 1427 565 1506 Vossii,
585 1424 644 1510 ·qui
660 1422 700 1486 de
710 1423 900 1485 Construe't.
918 1443 952 1506 p.
968 1422 1267 1513 3386166111661161

227 1516 293 1577 lrac
310 1515 342 1576 in
356 1513 517 1576 leostanus
533 1530 606 1574 esse
621 1507 798 1596 pro-baec:
820 1525 895 1568 narn
910 1506 981 1591 ipse
999 1508 1132 1572 Vossius
1148 1527 1182 1593 p.
1191 1513 1266 1573 329.

228 1599 384 1663 docuerat
404 1598 565 1660 hactenus
592 1613 664 1658 resse
694 1592 760 1654 1166
782 1586 859 1677 fine
890 1602 996 1655 tenus.
1048 1590 1204 1655 'Ceterum
1231 1595 1265 1656 in

227 1694 391 1770 quatenus
407 1692 439 1744 et
453 1692 617 1767 protenus
630 1682 759 1742 exstant
770 1677 971 1739 documenta
986 1675 1122 1740 aliarum
1135 1675 1264 1742 forma·-

227 1765 302 1833 'rum
324 1761 483 1853 quatinus
502 1774 533 1830 et
551 1765 726 1849 protinus,
746 1761 781 1825 in
802 1763 963 1825 1166161166
985 1762 1126 1826 nullum.
1168 1764 1265 1826 nnti-

229 1875 287 1935 qur
310 1852 464 1914 dixerunt
491 1851 701 1912 draccolenus.
757 1844 795 1908 ld
821 1856 935 1909 narrat
966 1845 1050 1911 Mar.
1075 1847 1263 1912 Victorinus

227 1939 300 1999 Art.
316 1957 367 2021 gr.
383 1957 417 2019 p.
434 1935 528 1998 2457.
549 1935 710 1996 finetenus
723 1942 840 1997 nutem
853 1941 890 1994 et
908 1930 1026 2014 leodic,
1045 1954 1117 1995 non
1138 1944 1177 1997 ut
1199 1956 1265 1997 un·

229 2020 545 2106 limitaneam,
561 2015 737 2080 1166666116.
779 2092 781 2096 Ι
1177 2019 1184 2028 ’

310 2103 360 2166 Ex
379 2122 443 2188 quo
460 2092 945 2188 1166111166611316.1361662,
963 2106 991 2165 1.
1015 2099 1056 2165 (16
1077 2095 1139 2165 bac
1155 2099 1265 2188 parti-

228 2187 299 2252 cula
324 2188 490 2265 disseruit,
519 2208 588 2252 eam
612 2206 743 2271 semper
764 2185 808 2248 de
834 2207 871 2249 re
892 2187 1063 2272 usurpari,
1087 2187 1199 2250 arllrue
1224 2187 1265 2250 de

228 2284 396 2361 tempore,
416 2273 624 2359 ‘grammatici
640 2278 673 2334 in
691 2270 768 2333 duas
787 2282 898 2356 partes
915 2270 1156 2349 discesserunt,
1180 2292 1265 2354 qua-

227 2375 304 2422 rurn
324 2357 423 2421 altera
444 2360 539 2421 istam
561 2355 754 2420 sententiam
775 2355 1005 2441 impugnabat,
1023 2354 1122 2418 altera
1141 2354 1266 2418 defen-
1306 2366 1308 2371 '

228 2443 310 2507 dens
327 2441 571 2507 demonstrabat
588 2443 750 2507 1166166116
767 2439 897 2515 166616,
923 2463 992 2504 non
1012 2449 1143 2524 tempus
1161 2438 1264 2523 signi-

226 2526 332 2592 ficare.
374 2528 449 2592 Vid.
465 2524 574 2592 Gifan.
592 2524 729 2589 Observ.
745 2540 781 2611 p.
798 2531 871 2590 291.
888 2524 998 2612 (556).
1023 2521 1161 2590 Goelen.
1177 2525 1263 2587 Pro-

227 2613 328 2676 blem.
350 2632 403 2698 gr.
419 2619 457 2689 2,
480 2619 532 2676 22.
575 2608 725 2675 Vorstius
738 2610 783 2674 *ds
796 2612 902 2677 Latin.
923 2610 1042 2673 merito
1058 2631 1148 2700 susp.
1165 2631 1192 2671 6.
1212 2613 1263 2672 18.

227 2694 405 2760 Ruhnken.
424 2697 463 2758 ad
491 2696 618 2778 Mureti·
633 2695 699 2781 Op.
715 2695 756 2759 T.
772 2701 803 2760 2.
826 2719 861 2788 p.
877 2695 950 2759 653.
963 2703 1000 2756 et
1017 2690 1064 2756 T.
1082 2697 1114 2756 4.
1138 2717 1171 2780 p.
1186 2695 1263 2759 698.

199 2778 203 2789 ’
226 2779 377 2845 Bromius
396 2777 581 2844 ad'Cor'ael.
597 2777 681 2844 Milt.
697 2781 735 2860 5,
755 2783 785 2845 5.
824 2780 926 2843 Olaus
948 2778 1135 2842 Borrichius
1153 2788 1265 2843 autem

111 2919 115 2927 ,
228 2867 261 2930 in
276 2865 434 2930 Analectis
452 2887 483 2951 p
499 2868 551 2931 86.
571 2867 728 2952 temporis
743 2863 1014 2950 significationem
1038 2864 1120 2927 loeis
1142 2874 1263 2949 poeta·
1297 2896 1308 2911 ·

227 2967 303 3014 rum
327 2959 357 3014 et
377 2950 579 3036 scriptorum
599 2951 818 3014 recentiorum
839 2949 1036 3037 comparatis
1059 2948 1263 3035 probaverat.

229 3034 357 3115 Quibus
375 3034 531 3101 Cellarius
553 3035 587 3098 in
599 3030 781 3099 ‘Antibarb
804 3054 840 3121 p.
859 3039 929 3099 164.
952 3044 984 3099 et
1006 3034 1039 3098 in
1059 3034 1262 3120 ἲ(1611611661.

227 3141 262 3207 p.
280 3123 355 3184 362.
375 3117 410 3183 id
430 3125 559 3184 tantum
582 3120 759 3207 opposuit,
781 3135 878 3183 usum
898 3119 1066 3184 ‘Ciceronis
1087 3119 1264 3204 proprium

228 3204 377 3291 apoetis
398 3225 470 3270 esse
493 3205 697 3293 neglectum,
731 3226 749 3268 6
781 3204 1016 3270 recentioribus
1041 3200 1262 3290 scriptoribus

229 3289 449 3376 depravatum.
494 3287 588 3353 'Tum
610 3289 753 3354 Andreas
772 3282 963 3375 Borricbius
987 3285 1208 3375 inAppend..
1221 3287 1264 3352 ad

129 3389 133 3398 ‘
227 3373 331 3438 caras
347 3398 378 3461 p.
389 3376 447 3438 74.
467 3375 617 3439 subtilius
639 3374 809 3460 exposuit,
831 3374 866 3437 in
887 3370 980 3438 linito
999 3373 1110 3458 aliqua
1135 3374 1262 3437 oratio-

227 3460 279 3522 nis
302 3468 412 3545 parte,
439 3458 495 3523 ubi
516 3461 677 3524 haetenus
703 3455 859 3538 dicimus,
887 3459 989 3545 magis
1009 3468 1140 3546 tempus
1162 3477 1262 3544 quam

227 3543 339 3606 locum
356 3541 501 3631 intelligi.
543 3547 653 3625 Quare
671 3542 827 3608 Cellarius
844 3542 926 3607 nibil
939 3544 1003 3607 sibi
1022 3543 1187 3629 reliquum
1210 3543 1261 3607 vi-

228 3628 342 3706 debat,
359 3648 459 3714 quarn
485 3640 521 3694 ut
543 3632 578 3694 in
599 3629 805 3694 Discussione
823 3628 1018 3716 Appendicis
1042 3645 1077 3716 p.
1093 3630 1146 3691 47.
1170 3627 1263 3692 dice-

226 3721 298 3791 ret,
321 3714 481 3778 lancternis
504 3714 544 3778 ad
560 3714 673 3778 locum
698 3713 746 3778 vel
771 3736 843 3778 rem
865 3716 973 3800 potius
989 3712 1028 3777 ab
1047 3710 1187 3797 antiquis
1205 3733 1285 3776 1·e-.

226 3795 305 3863 ferri
327 3816 426 3883 quam
450 3795 489 3862 ad
509 3806 648 3884 tempus.
693 3800 771 3880 Quo
794 3819 913 3884 parum
937 3794 1148 3863 efficiebatur.
1167 3836 1172 3842 =
1194 3797 1260 3860 Sed

225 3881 408 3948 Morbofius
430 3882 470 3948 de
484 3887 567 3947 Pura
590 3882 733 3947 dictione
751 3906 785 3968 p.
804 3886 876 3948 243.
899 3882 1150 3962 demonstravit,
1172 3883 1258 3946 Ger·

225 3989 340 4031 manos
368 3985 444 4032 suae
466 3969 594 4054 linguae
615 3989 675 4031 usu
699 3968 851 4055 deceptos
885 3992 903 4033 a
926 3988 1002 4034 vera
1021 3962 1260 4054 significatione

200 4135 204 4141 ἱ
224 4053 373 4121 vocabuli
391 4054 573 4130 aberrasse,
595 4053 694 4141 idque
713 4072 816 4141 quum
835 4065 932 4120 tenus
946 4056 982 4120 in
997 4078 1032 4122 se
1045 4050 1201 4136 haberet,
1225 4061 1259 4114 et
