2632 4770
204 241 276 322 tra,
686 231 772 299 mu.

278 391 296 445 i.
313 407 338 443 e.
356 405 410 442 nou
424 387 636 439 motatorem.
671 386 753 443 Galli.
771 384 796 437 1.
814 386 904 453 aquila
917 389 1048 456 gallinam
1064 388 1152 439 altam
1168 403 1265 438 rama-

269 464 333 529 ·lum
348 473 417 526 lauri
432 480 512 524 'rostro
528 477 671 533 tenentem,
691 471 729 521 ita
743 476 773 530 at
788 478 928 538 rapuerat,
947 472 1050 525 demisit
1071 472 1100 523 ia
1118 472 1265 540 gremium.

279 560 298 613 i.
315 578 339 612 e.
357 556 462 627 gallina
479 554 615 606 ramulum
631 552 705 606 lauri
724 554 842 606 nandum
856 552 1005 609 dimiserat.
1063 589 1069 595 -

317 655 573 715 simonianam.
591 645 728 728 iugulatur
741 664 780 711 eat
793 658 831 723 od
847 658 933 711 laeum
943 658 1029 711 Curtii
1046 675 1077 710 ao
1091 659 1197 712 relictae
1213 661 1267 720 ito,

280 750 320 800 uti
333 753 397 800 erat.
818 738 822 753 ‘

297 854 334 914 9:
354 843 517 930 Singulari
545 839 648 905 modo
674 842 754 905 Pom
782 843 986 930 ooiurullluela
1009 854 1147 932 usurpat
1180 843 1270 907 hano

214 933 429 1024 particulam,
461 939 497 993 ut
524 927 602 989 duas
636 935 687 990 rei
726 865 778 992 vei
808 951 843 994 an
860 920 949 994 ioco
975 932 1023 1019 vel
1050 933 1083 994 in
1206 952 1270 993 ore

215 1021 392 1115 aggitalilet·
414 1008 873 1103 procededde'ssu‘ffi‘puuata
889 1014 1114 1080 Cf.''Pei·1zun.
1139 1016 1177 1080 in
1196 1016 1270 1080 Mi-

215 1098 459 1182 a'ceifflb'se'rv.
478 1099 510 1162 T
512 1145 521 1163 .
536 1104 566 1162 7.
588 1120 622 1185 p.
643 1104 714 1162 170.
1189 1125 1191 1129 Α

317 1224 413 1287 Pomp.
439 1219 504 1271 Mel.
526 1219 552 1282 1,
566 1215 593 1285 4,
608 1217 633 1271 1.
651 1225 731 1286 atque
752 1220 811 1271 inde
829 1220 963 1288 procedit,
981 1220 1038 1281 ita,
1056 1219 1143 1283 mealia
1158 1220 1268 1288 praeei-

284 1325 352 1376 pae,
375 1308 404 1356 ia
428 1305 495 1373 iuga
516 1319 657 1373 exsurgam
676 1304 765 1371 pergit
782 1304 890 1357 iaearoa
916 1307 951 1358 ad
973 1312 1104 1357 occasura:
1132 1302 1220 1369 1,8,
1242 1305 1267 1357 l.

277 1395 341 1457 som
359 1390 446 1440 media
463 1394 536 1439 nocte
548 1389 638 1452 sumt
651 1414 701 1450 -,
713 1390 750 1452 fit
765 1389 820 1440 lace
833 1391 971 1458 frigidae:
990 1397 1052 1441 taao
1066 1396 1092 1440 ut
1114 1390 1153 1440 sol
1170 1390 1266 1458 surgit,

284 1477 324 1526 ita
341 1473 448 1524 autiude
458 1473 591 1541 frigidior
609 1490 658 1522 -.·
676 1473 766 1540 prima
779 1482 853 1526 aucte
868 1475 967 1527 calidus
982 1482 1061 1541 atque
1082 1480 1112 1556 ,¹¹⁶
1136 1474 1186 1525 illa
1201 1492 1267 1543 pro-

283 1559 368 1621 cedit,
385 1559 424 1609 ita
443 1557 558 1607 calidior.

301 1685 352 1744 10.
374 1678 410 1741 ln
426 1677 481 1741 illa
497 1698 575 1741 vero
593 1677 802 1763 oppositione
821 1678 1016 1751 verborum,
1037 1701 1138 1764 quum
1165 1681 1219 1744 ila
1237 1692 1269 1744 et

217 1777 257 1830 ut
274 1766 407 1830 relativa
424 1763 511 1841 siut,
535 1765 640 1826 oralia
660 1762 794 1846 obliqua
812 1764 846 1826 in
864 1785 937 1828 eum
963 1764 1098 1828 modum
1124 1763 1269 1831 formari

219 1851 323 1930 uolet,
353 1860 389 1912 ut
414 1849 550 1911 alterum
577 1848 763 1910 membrum
786 1871 852 1911 non
877 1871 919 1913 ex
938 1850 1041 1913 altero
1069 1852 1211 1937 pendeat
1237 1863 1269 1916 et

220 1936 430 1999 eonium-tiro
444 1936 657 2018 exprimatur,
676 1935 731 1994 sed
752 1943 928 2019 utrumque
941 1937 1127 2026 naeleum
1149 1960 1269 2021 aequa·

218 2019 508 2109 111ει·1ι,1κ1,11111111ῃῃ
526 2020 675 2105 recipiat:
698 2017 738 2080 de
756 2041 818 2101 quoa
838 2021 1052 2107 reZumplius
1071 2024 1101 2085 in
1114 2024 1268 2088 Gramm.

154 2119 161 2132 ¹
221 2111 297 2175 603.
313 2115 346 2170 et
361 2099 587 2189 Wopkensius
603 2100 844 2181 in'Lect.,'l‘ull.
861 2128 894 2192 p.
910 2111 983 2170 379.
999 2112 1117 2186 (284.).

269 2254 271 2258 v
323 2221 414 2274 Tacit.
432 2220 504 2274 nist.
521 2221 603 2286 1,17.
622 2222 791 2288 ltoaorifioam
815 2227 842 2278 id
859 2227 981 2278 militibus
995 2233 1075 2295 sore,
1093 2244 1202 2294 quoram
1215 2230 1269 2295 fa-

289 2324 374 2360 uorem
390 2313 419 2358 at
442 2303 585 2375 largitione
599 2313 622 2357 et
638 2308 736 2357 ambitu
752 2311 821 2360 male
835 2311 949 2377 acquiri,
976 2313 1015 2362 ita
1034 2330 1080 2380 per
1096 2313 1177 2362 baana
1197 2319 1269 2362 artae

289 2393 360 2444 leand
377 2394 557 2459 spernendum.
592 2390 659 2442 Anu.
676 2389 757 2451 1,12.
778 2393 901 2445 bactani.
920 2395 953 2447 de
966 2395 1010 2446 lm
1027 2394 1076 2448 Dei
1092 2393 1118 2448 5.
1137 2397 1205 2462 quod
1228 2413 1269 2446 se-

289 2478 379 2544 quitur
396 2477 426 2527 de
440 2476 527 2527 retiola
544 2474 654 2543 Epicuri
670 2482 721 2539 est,
739 2477 803 2528 sicut
819 2478 888 2529 iram
903 2478 929 2528 iu
951 2481 997 2531 deo
1010 2497 1062 2531 aon
1080 2497 1148 2542 esee,
1169 2481 1207 2531 itu
1223 2497 1270 2530 aec

289 2562 420 2630 gratiam.
455 2559 556 2612 Minue.
571 2560 629 2610 uel.
645 2556 688 2622 34,
704 2558 730 2611 8.
748 2562 803 2628 quia
820 2568 874 2612 tam
887 2563 981 2615 stultus
998 2572 1046 2615 aut
1067 2566 1155 2615 brutas
1170 2571 1217 2627 est,
1240 2572 1270 2615 ut

290 2646 388 2697 audeat
402 2662 569 2713 repugnare,
586 2646 715 2695 homiaem
735 2664 752 2696 a
771 2647 816 2696 deo
831 2654 859 2697 at
871 2647 980 2712 primum
998 2651 1110 2716 poluisse
1119 2651 1212 2717 fingi,
1232 2650 1271 2700 ita

289 2746 361 2796 poree
383 2730 464 2794 deamo
484 2729 645 2797 reformari?
687 2728 735 2780 ubi
764 2729 916 2781 Wuweriuu
948 2732 1064 2799 coniecit
1092 2733 1270 2785 scribendum

289 2829 348 2864 essu
365 2815 453 2883 potuit
464 2814 546 2882 fingi.

310 2941 360 2999 11.
387 2935 449 2998 Sed
466 2956 530 2998 non
546 2933 654 2996 solum
678 2933 847 3020 qualitates
873 2935 1089 3018 conferuntur
1111 2942 1199 3005 intur
1224 2965 1270 3021 se,

226 3022 919 3109 Vllumelium,cottteutmuuffitttu,99315500
964 3024 1072 3088 Potest
1097 3028 1184 3090 enim
1211 3028 1272 3090 ali-

228 3104 305 3189 quid
326 3128 392 3169 esse
411 3095 470 3168 au'i'
481 3088 550 3166 fiai
566 3105 638 3182 ila,
662 3116 699 3167 at
719 3104 806 3168 aliud
825 3100 904 3190 quid
918 3109 958 3170 sit
977 3121 1028 3171 aut
1044 3111 1110 3176 fiat.
1158 3114 1272 3191 Quare

252 3201 301 3252 ost
318 3192 367 3252 itu
383 3191 528 3274 sequitur
544 3188 694 3279 tidini?
709 3193 774 3253 aive
794 3195 1058 3277 conseauivum,
1081 3222 1140 3275 ae,
1164 3210 1200 3260 at
1217 3222 1272 3261 ize.

218 3213 389 3360 {igniflua
410 3285 515 3337 autem
533 3262 585 3338 ita
603 3277 650 3339 vet
675 3269 711 3339 iio
731 3299 805 3339 eum
829 3279 984 3359 nautium,
1008 3285 1055 3347 vel
1078 3295 1271 3366 taeitopere.

228 3361 332 3446 Saepe
362 3359 497 3446 intelligi
528 3371 632 3446 potest
659 3387 699 3426 ea
731 3361 941 3444 conditione,
978 3390 1018 3430 ea
1047 3371 1199 3444 ratione,
1229 3393 1270 3430 eo

227 3446 378 3508 conuitio.
418 3447 501 3509 Cum
518 3440 949 3512 1111111111111111111111’ἐι
967 3473 1041 3516 cum
1060 3455 1163 3517 verbis
1182 3475 1269 3513 cotr-

228 3530 375 3593 iunctum
393 3531 478 3593 idem
496 3533 578 3594 valet
593 3533 681 3618 quod
700 3546 791 3596 tam:
812 3557 886 3598 nam
904 3541 992 3620 quod
1017 3541 1048 3602 iu
1071 3552 1141 3603 iam
1160 3536 1270 3599 refer-

228 3624 284 3677 tur
304 3617 343 3678 ad
373 3617 649 3702 magnitudinem,
681 3619 714 3681 in
738 3620 789 3683 ita
820 3621 858 3683 ad
893 3624 1062 3689 notionem
1097 3624 1273 3710 dualitatis,

229 3721 311 3786 quae
336 3701 433 3764 etiam
457 3704 714 3788 magnitudinem
739 3705 771 3768 in
797 3705 962 3781 sehabet,
986 3709 1167 3775 confertur.
1214 3710 1273 3772 His

229 3796 368 3870 possunt
385 3809 437 3863 ea,
460 3809 541 3873 quae
557 3788 704 3852 Kritzius
723 3791 761 3852 ad
780 3790 907 3855 Sallust.
934 3793 1002 3858 Cat.
1023 3799 1071 3866 14,
1092 3803 1121 3859 1.
1154 3797 1274 3880 dispu-

228 3870 324 3948 tavit,
347 3870 531 3936 reformari.
576 3875 728 3938 Ceterum
745 3875 815 3952 ita,
837 3876 926 3962 quod
952 3880 1131 3943 adnomen
1157 3882 1274 3966 quod-

230 3955 306 4019 dam
333 3957 493 4043 peotiuel,
514 3959 546 4022 in
575 3962 673 4023 altera
695 3969 786 4044 parte
811 3965 988 4029 sententiae
1011 3977 1120 4054 potest
1144 3971 1274 4053 apponi

230 4053 351 4141 et‘eum
374 4055 410 4108 ut
429 4043 590 4109 velatae
609 4045 778 4132 copulari.¹
