2632 4770
520 269 669 377 rurus.
836 319 866 354 „
1051 277 1132 374 ⁴4⁰⁵
1171 255 1221 352 ’,

171 430 229 481 Liv.
244 427 287 493 ab,
306 405 333 492 1,
347 427 373 480 2.
389 428 412 479 is
424 427 506 478 bostis
522 428 680 478 oclutnalue
695 427 995 482 adcoalincndamiuler
1010 445 1135 498 magno-⁴
1155 412 1159 416 ⁴
1260 492 1266 503 ,

134 534 194 568 rum
210 516 353 567 interualla
369 514 492 564 bellorum
509 512 636 564 Romanis
651 510 794 566 militarem
807 514 971 583 disciplinam
987 521 1053 568 cral-
1080 512 1128 567 ubi

135 600 183 652 alii
201 600 278 651 codd.
294 616 343 667 per
360 599 511 697 interualla.

147 729 199 787 31.
224 723 275 786 Sic
291 719 327 783 fir
338 769 347 799 ,
360 730 405 782 ¹ut.
421 719 569 783 conditio
581 739 694 782 rorum
712 719 830 784 eodem
848 721 950 784 modo
969 721 1123 808 designe-

61 819 136 884 tur,
161 831 231 872 non
252 818 319 872 tam
337 805 499 892 temporis
517 827 616 951 quam
635 805 835 870 conditionis
851 810 980 872 ratione
997 806 1120 871 habitu.

60 894 147 958 Fieri
165 896 253 958 enim
273 893 392 956 dieitur
413 891 513 976 aliqui
557 892 641 953 inter
656 891 797 977 aliquam
816 915 908 967 rem,
930 892 1021 979 quod
1036 915 1120 956 oon-

60 991 126 1042 stat
157 978 189 1042 iri
228 981 333 1065 aliqua
365 998 478 1041 rerum
511 976 712 1041 conditione.
773 978 908 1042 Adieoto
940 978 1120 1065 participio.

60 1067 231 1154 praeteriti
251 1064 451 1149 exprimitur
467 1084 534 1125 urm
553 1060 689 1124 arimino
708 1065 942 1127 enuntiationis
966 1087 1042 1147 pars
1061 1086 1118 1128 so·
1138 1096 1140 1101 s

60 1152 236 1216 eundaria:
261 1151 360 1236 idque
378 1150 475 1212 etiam
496 1148 663 1211 interdum
684 1147 827 1235 simplici
849 1149 987 1213 nornine
1011 1148 1118 1214 effici-

57 1249 132 1317 tur,
155 1238 303 1322 adeoque
322 1235 530 1298 contrahitur
556 1235 663 1297 oratio
687 1234 755 1311 ita,
780 1245 816 1297 ut
842 1246 960 1298 tamen
983 1235 1136 1301 adiicia-'

57 1334 113 1386 tur
130 1347 169 1387 ex
189 1325 289 1386 stipem
306 1332 410 1408 parte.
439 1319 549 1410 anlet
565 1319 665 1406 igitur
681 1320 773 1382 inter
794 1316 883 1384 idem
900 1320 988 1405 quod
1005 1322 1053 1384 in.

162 1443 221 1494 niv.
243 1443 268 1506 l,
294 1443 339 1507 26,
363 1441 406 1493 16.
436 1458 511 1509 quem
534 1441 610 1491 modo
634 1440 779 1492 decoratum
809 1446 979 1507 ovantemque
1005 1440 1115 1492 victoria

125 1530 280 1580 incedentem
303 1529 417 1591 vidistis,
441 1526 567 1590 Quirites,
589 1541 647 1575 eum
670 1526 715 1575 sub
733 1529 816 1591 succa
839 1527 954 1584 vinctnm
970 1525 1037 1583 inter
1057 1541 1116 1576 oer-

125 1616 186 1664 bera
204 1620 226 1662 et
245 1614 374 1663 cruciatus
395 1612 483 1662 uidere
503 1608 630 1678 potestis?
665 1606 721 1658 uic.
739 1608 772 1658 ds
789 1608 880 1673 0012,
896 1609 939 1659 11.
959 1625 1036 1676 quum
1059 1608 1115 1678 igi-

124 1706 169 1749 tur
186 1705 263 1748 lanta
278 1699 317 1747 ais
331 1698 447 1747 iustitiae
460 1695 495 1746 sit
509 1721 558 1758 -‚
578 1700 702 1760 quantam
718 1692 773 1743 eius
788 1693 839 1744 vim
854 1694 919 1746 inter
936 1695 1006 1762 loges
1029 1698 1055 1744 ct
1070 1692 1114 1743 iu-
1153 1744 1156 1750 ,

127 1783 198 1832 dicia
214 1782 242 1830 in
257 1781 392 1832 constituta
409 1781 540 1847 republica
555 1784 617 1846 fore
628 1777 777 1846 putamus?
813 1775 872 1830 lsiv'.
887 1774 914 1841 6,
931 1775 1017 1840 43,1.
1034 1782 1115 1843 wala

125 1867 192 1917 inter
207 1865 327 1915 incendia
345 1859 375 1916 bc
395 1865 486 1916 ruinas
509 1872 601 1932 captae
616 1864 686 1914 urbis
708 1861 775 1912 nibil
792 1879 920 1928 superenne
938 1869 1047 1930 praeter
1068 1875 1114 1910 ar-

125 1957 210 2002 matos
225 1934 442 2026 bosicsxoiderent
460 1956 513 2001 ote.
546 1947 607 2001 niv.
623 1945 765 2012 1‚27,11.
781 1946 848 1999 inter
858 1951 947 2020 fugae
959 1960 1114 2015 pugnaeque

123 2035 255 2087 consilium
274 2034 394 2102 oppressi.

158 2136 267 2188 Gellius
280 2136 307 2199 3,
326 2134 368 2189 15.
387 2136 452 2188 inter
467 2138 535 2189 illud
551 2137 685 2206 gandium
698 2108 803 2206 repenle
820 2143 938 2188 mortuus
951 2141 998 2187 eet.

158 2241 270 2293 Sallust.
287 2242 345 2308 Geel.
361 2237 388 2302 l,
404 2237 429 2293 4.
447 2241 514 2292 inter
532 2248 608 2292 tanto
628 2241 694 2291 vitia
717 2240 847 2291 imbecilla
871 2245 956 2306 aclas
968 2236 1111 2290 ambitione
1215 2251 1217 2255 ·

121 2333 246 2394 corrupta
267 2325 409 2376 terebatur.
450 2324 526 2376 (luri.
542 2322 568 2388 6,
583 2323 610 2385 9,
626 2321 670 2375 al.
690 2323 780 2375 Tacit.
798 2324 867 2375 Aun.
883 2322 915 2386 l,
929 2321 972 2374 60.
992 2324 1110 2390 interque
1172 2342 1184 2362 -,

121 2414 223 2462 caedem
243 2418 266 2462 et
291 2410 418 2478 praedam
441 2410 534 2475 reperit
557 2406 758 2462 undevicesimae
781 2409 890 2476 legionis
911 2407 1028 2475 aquilam
1050 2395 1109 2460 cum

128 2497 196 2548 Varo
211 2496 345 2547 amissam.
379 2494 436 2546 Suo
456 2509 532 2544 moro
549 2488 686 2545 coniunxit
700 2492 860 2545 dissimilius
882 2490 974 2545 caedis
986 2495 1110 2558 tempore
1173 2479 1190 2536 f

124 2577 151 2629 in
167 2579 271 2645 praeda
287 2581 367 2643 capta
380 2576 483 2644 reperit
497 2577 626 2645 aquilam.

154 2680 210 2734 Cic.
228 2680 261 2732 od
278 2681 358 2732 Fam.
372 2678 415 2745 16,
432 2679 476 2743 ll,
490 2679 517 2732 i.
536 2682 610 2732 nobis
632 2680 699 2733 inter
714 2681 763 2732 bae
780 2678 873 2732 turbae
894 2684 1109 2744 senaeosumcn
1149 2679 1151 2688 ’
1177 2682 1179 2687 ’
1208 2679 1209 2683 ’

117 2771 242 2834 frequens
252 2765 394 2834 flagitavit
410 2767 578 2833 triumphum.
596 2763 614 2816 i.
628 2782 656 2839 o.x
671 2762 796 2832 quumvis
812 2765 866 2816 lino
887 2768 978 2815 essent
998 2762 1105 2817 turbae.

124 2851 220 2901 Celsus
236 2850 328 2901 Praei.
344 2867 384 2916 pr.
400 2850 504 2916 verique
518 2851 602 2901 simile
618 2855 655 2901 cst
670 2851 738 2901 inter
759 2866 812 2899 aon
827 2849 912 2901 multa
933 2849 1033 2900 auxilia
1055 2849 1107 2901 ad·
1161 2900 1163 2905 ⁴

119 2952 209 2986 uersae
225 2935 379 2986 valetudinis
390 2934 542 3002 plerumque
560 2941 648 2986 lamen
664 2950 721 2985 eam
739 2933 834 2984 bonam
852 2933 990 3002 contigisse
1004 2935 1035 2985 ab
1061 2934 1106 2987 ba·

118 3037 165 3071 nos
182 3037 271 3071 mores.

154 3122 187 3172 In
201 3121 245 3172 his
262 3122 323 3172 sunt
339 3120 473 3187 quaedam
487 3121 640 3186 formulae,
658 3137 728 3187 quse
747 3120 818 3174 olias
836 3119 1039 3189 praepositione
1057 3134 1111 3186 pen

122 3207 283 3257 formantur.
318 3205 429 3258 Sueten.
447 3204 526 3257 Caes.
539 3204 566 3257 4.
586 3208 653 3273 quod
674 3207 727 3258 illis
750 3224 824 3275 saepe
841 3210 954 3260 minatus
978 3206 1044 3257 inter
1065 3205 1106 3256 io·

120 3307 177 3341 cum
188 3295 292 3357 fuerat.
326 3289 378 3347 ubi
396 3290 444 3342 olii
467 3289 535 3342 libri
560 3309 605 3360 per
626 3293 719 3344 iocum.
753 3292 872 3345 Phaedr.
889 3291 915 3356 4,
933 3288 977 3356 16,
992 3288 1020 3341 4.
1036 3291 1107 3341 inter

120 3383 248 3426 vectorum
265 3373 398 3425 lacrimas.
432 3374 507 3427 Alibi
522 3393 570 3447 per
585 3378 717 3446 lacrimas.
750 3375 819 3428 Vide
832 3377 981 3430 Burmann.
997 3373 1032 3428 nd
1048 3373 1118 3428 Va-.

121 3459 171 3511 ler.
186 3460 280 3510 Flucc.
295 3458 321 3522 1,
336 3455 397 3508 aba.

134 3599 187 3657 32.
220 3591 411 3671 Sallustius„
439 3593 573 3659 Tacitus
605 3608 636 3660 et
660 3596 718 3683 qui
741 3595 794 3659 alii
820 3597 1105 3663 substantivorum

52 3677 119 3741 vim
136 3679 299 3742 adieetivis
315 3680 461 3745 tribuere
486 3681 655 3761 solebant,
680 3682 731 3745 his
751 3679 903 3746 adhibitis
927 3693 1048 3746 statum
1072 3693 1105 3744 et
1202 3734 1206 3744 s
1237 3707 1240 3716 ¹

51 3765 278 3828 conditionem
302 3788 437 3842 rerum,
470 3766 618 3853 praefixa
641 3768 887 3856 praepositione
911 3767 1017 3842 inter,
1044 3787 1104 3830 ex-

50 3861 261 3936 presserunt,
286 3850 506 3938 dixeruntque
530 3853 621 3942 intes
645 3853 810 3933 adversa«,
831 3855 922 3919 inter
943 3867 1106 3938 extrema.
1163 3900 1165 3902 -

50 3936 139 4000 Haec
158 3958 175 3999 o
192 3936 319 4018 vulgari
331 3961 485 4003 sermone
502 3939 537 4004 in
555 3941 759 4027 scriptorum
774 3962 872 4004 usum
888 3940 1024 4015 vonisse,
1046 3937 1107 4002 de-

52 4031 220 4084 monstrat
236 4023 452 4106 proverbium
470 4025 558 4114 apud
574 4027 642 4092 Cic.
660 4027 703 4092 ad
717 4029 784 4092 Au.
801 4028 833 4110 5,
850 4029 900 4095 18.
921 4025 1013 4090 inter
1027 4043 1109 4087 cae·
1287 4086 1289 4091 ,

51 4129 95 4172 sa
116 4118 148 4172 et
162 4116 337 4194 porrecta.
580 4134 581 4138 ¹
1214 4120 1216 4124 ‘
