2632 4770
203 254 267 319 ssr
414 251 418 255 ⁴
570 227 824 315 ''luvianrn

273 405 383 460 tinnitus
398 405 477 458 amici
492 404 529 456 ad
543 395 656 456 anisrcm
672 392 877 455 immortalitatis
898 407 1034 454 assuunt.
1067 399 1131 452 Huc
1153 398 1260 454 reterri

275 495 387 561 possunt
414 489 541 558 exemplu
570 488 720 542 vorborum
745 493 889 555 praestare
916 485 1040 550 inuicem,
1078 501 1151 554 quse
1182 485 1262 538 iutro

273 575 363 646 posui.

297 731 330 803 6,
359 725 481 793 Differt
511 726 617 801 ratio,
654 745 719 810 qua
748 721 863 810 aliquis
899 741 940 785 cx
971 728 1150 807 suaparte
1182 722 1264 806 agit,

211 814 303 902 quod
323 811 404 878 aiter
420 821 513 876 antea
532 813 608 896 egit,
631 822 687 874 aut
703 807 791 874 idem
808 809 897 884 facit,
922 807 1010 893 quod
1027 807 1062 871 in
1080 828 1115 870 sc
1132 803 1264 870 factum

210 892 307 968 videt.
367 896 493 962 Similia
528 895 737 982 excipiuntur
776 906 808 964 et
838 892 1057 980 respondent,
1100 915 1161 956 nec
1199 916 1263 956 co-

210 984 348 1050 haerent
372 983 555 1047 necessario
576 1002 763 1048 caussarum
782 1002 889 1054 nexu,
913 977 970 1042 sed
988 978 1177 1044 vicissitudo
1199 1002 1267 1064 po-

130 1098 133 1103 ·
209 1070 272 1134 situ
292 1078 341 1132 est
356 1068 389 1130 in
407 1067 600 1154 aequalitate
617 1069 794 1131 actionum.
839 1067 951 1146 Quare
967 1085 1049 1152 quac
1072 1064 1117 1128 ita
1140 1065 1265 1129 dicun-

137 1191 141 1204 =
209 1165 282 1236 tur,
312 1155 438 1240 poteris
463 1153 534 1231 illa,
574 1174 673 1240 quam
706 1163 799 1217 antea
816 1149 983 1240 exposui,
1013 1150 1140 1214 ratione
1174 1153 1264 1216 acci-

209 1262 308 1328 pere,
349 1239 376 1302 si
408 1239 582 1303 consilium
614 1238 851 1326 compensandi
885 1234 937 1305 vel
969 1236 1075 1303 vicem
1103 1237 1263 1303 reddendi

209 1324 411 1411 cogitaveris.
615 1406 620 1413 Ι

199 1462 212 1473 “
314 1444 427 1496 Snclou.
443 1442 512 1512 Aug.
528 1441 571 1496 63.
583 1441 696 1513 primurn
711 1461 769 1497 eum
783 1445 896 1497 Antonio
910 1444 966 1506 pllio
979 1460 1026 1499 suo
1039 1443 1205 1511 despondisse
1219 1446 1264 1496 lu-

278 1521 359 1581 lium:
376 1530 437 1581 dein
461 1530 574 1582 Cotisoni
598 1531 725 1582 Getarum
741 1531 816 1599 regii
835 1548 884 1597 quo
902 1537 1018 1596 tempore
1038 1529 1087 1579 sili
1104 1543 1204 1597 quaque
1220 1530 1263 1580 in-

175 1624 180 1633 ·
206 1636 208 1643 ·
278 1613 460 1679 cicemfiliam
475 1602 594 1682 regis'in
606 1614 800 1668 matrimonium
819 1616 930 1684 petisset.
965 1611 1045 1665 Ouid.
1062 1612 1130 1663 Her.
1145 1612 1188 1677 ll,
1202 1613 1263 1666 180.

276 1697 351 1764 inque
372 1697 452 1749 uicem
474 1706 521 1750 tua
543 1715 601 1762 mc,
624 1707 649 1751 tc
665 1716 721 1750 meu
735 1701 826 1765 formu
848 1697 926 1768 capit.
966 1696 1057 1748 Tacit.
1079 1695 1151 1749 Ilist.
1174 1697 1202 1762 2,
1218 1696 1263 1753 47.

218 1767 222 1774 ’
277 1782 376 1851 asperti
389 1783 495 1834 inuicem
508 1800 610 1848 sumus,
629 1802 678 1853 ego
696 1801 728 1835 ac
739 1789 862 1851 fortuna.
899 1781 1010 1834 ubi-vd.
1027 1780 1195 1833 Ernestinm.

315 1883 488 1937 Tacitllist.
503 1884 530 1949 1,
553 1882 597 1936 71.
622 1904 681 1938 moa
697 1886 772 1952 quusi
788 1888 904 1938 rixantes
917 1868 1009 1952 stupra
1030 1891 1053 1938 et
1064 1886 1180 1954 flagitia
1194 1887 1263 1938 inul-

218 1980 221 1984 ·
279 1982 332 2021 cem
359 1971 530 2034 obiectavere,
556 1978 644 2023 neuter
662 1963 744 2036 salso.
780 1968 894 2037 Quintil.
916 1969 959 2034 11,
983 1969 1009 2033 3,
1034 1967 1093 2021 108.
1117 1970 1183 2022 tales
1206 1979 1264 2025 sunl

280 2052 343 2104 illae
356 2052 536 2106 inclinationes
551 2055 634 2119 uocis,
652 2072 717 2123 quas
738 2056 847 2106 inuicem
861 2055 1045 2107 Demosthenes
1063 2062 1138 2122 atque
1157 2057 1265 2108 Aeschi-

186 2204 191 2213 Δ
282 2153 325 2188 nes
349 2139 513 2205 exprobrant.
547 2137 574 2203 3,
596 2137 638 2204 10,
661 2138 686 2190 l.
712 2141 857 2209 litigatores
880 2140 950 2191 idem
974 2140 1068 2192 crimen
1089 2140 1198 2193 inuicem
1218 2143 1262 2194 in-

278 2224 407 2272 lentant.x

317 2323 432 2389 Quintil.
450 2324 476 2390 1,
490 2325 515 2391 3,
530 2325 574 2380 11.
591 2334 649 2380 sunt
668 2312 748 2395 ellim
763 2327 885 2377 nonnulli
900 2326 1020 2378 acuendis
1031 2344 1173 2398 puerorum
1185 2328 1264 2398 inge-

279 2406 331 2458 niis
351 2427 401 2460 nun
429 2411 535 2464 inutiles
561 2413 649 2477 lusus,
676 2428 754 2480 quum
773 2412 862 2481 positis
882 2413 990 2463 invicem
1016 2414 1135 2480 cuiusque
1160 2415 1264 2482 generis

242 2567 245 2578 η
278 2495 477 2560 quaestiunculis
492 2488 666 2549 oemuldlrtur.
684 2495 701 2546 i.
714 2513 745 2554 ,a
764 2495 798 2545 ab
815 2496 901 2548 altero
921 2495 1003 2548 altari
1023 2495 1177 2564 propositis.

314 2595 428 2662 Quintil.
447 2598 490 2663 10,
508 2598 534 2663 l,
548 2597 591 2652 29.
616 2617 646 2650 ac
661 2600 752 2662 nescio,
774 2616 810 2650 an
829 2607 965 2667 utramque
988 2629 1021 2637 -
1046 2601 1153 2652 inuicem
1172 2603 1263 2669 prosit,

249 2759 251 2763 y
284 2684 313 2729 ut
327 2682 457 2736 scribendo
474 2686 590 2737 dicamus
604 2684 773 2754 diiigentius,
793 2684 898 2737 dicendo
913 2686 1054 2737 scribamus
1063 2687 1182 2750 facilius.

238 2910 244 2928 ⁵
300 2835 331 2895 7.
356 2833 457 2915 Quod
483 2835 680 2920 antiquiores
699 2849 730 2902 et
753 2839 967 2922 elegantiores
990 2835 1168 2922 scriptores
1188 2861 1263 2915 ver-

212 2912 262 2978 bis
290 2916 399 3001 inter,
429 2921 519 2986 inter
543 2943 578 2983 se
602 2936 848 3010 expresserant,
883 2921 1082 3009 posteriores
1109 2923 1263 2988 dicebant

212 2999 366 3084 inuicem,
385 3006 481 3069 veluti
498 3005 639 3070 inuicem
650 3009 807 3096 diligere,
829 3009 971 3073 inuicem
990 3006 1145 3094 litigare,
1167 3011 1261 3074 invi-

212 3106 289 3165 cena
295 3112 466 3176 pugnare,
485 3091 633 3160 invicem
650 3092 807 3181 differre.
852 3094 956 3179 Saepe
972 3093 1073 3156 ctiam
1096 3096 1261 3159 adduntur

212 3173 313 3237 verba
326 3177 415 3238 inter
429 3197 476 3256 se.v
512 3174 598 3240 Esse
616 3179 749 3266 aliquid
764 3181 907 3244 inuicem
918 3176 1077 3263 significat
1095 3181 1263 3264 einander

214 3267 321 3320 etwas
336 3282 428 3340 sepa.
473 3258 515 3322 Et
531 3261 610 3324 aliae
626 3277 702 3328 sunt
717 3266 879 3330 notandae
897 3265 1068 3344 dictiones,
1092 3266 1125 3327 in
1144 3269 1261 3352 quibus

212 3343 365 3495 perisent]
371 3342 464 3442 reddi
488 3334 584 3413 delict
606 3351 790 3429 einander,
817 3373 919 3438 quum
941 3350 1030 3414 idam
1061 3351 1144 3415 alter
1167 3353 1259 3416 alteri

227 3449 326 3493 scisse
368 3440 492 3495 sciton·

314 3547 385 3599 Plin.
401 3549 487 3618 Epist.
501 3552 527 3618 1,
542 3553 584 3618 20,
601 3553 626 3606 l.
643 3573 709 3623 quse
723 3557 810 3608 omniu
829 3558 879 3609 leuc
891 3562 1027 3626 spectant,
1045 3563 1076 3607 ut
1096 3555 1198 3607 inuicem
1215 3569 1261 3602 ar·

243 3631 377 3686 ”milui
393 3636 545 3708 diligamus·
580 3640 615 3691 ci.
632 3637 659 3703 4,
679 3640 704 3705 1,
721 3640 747 3692 2.
772 3639 874 3693 larican-
888 3642 914 3705 1,
928 3642 971 3694 61.
997 3644 1072 3708 inqua
1095 3641 1172 3692 uicem
1192 3655 1260 3705 gens

154 3715 156 3719 ’
276 3717 358 3767 oman
382 3729 457 3776 amer.
491 3723 919 3798 rru.ura.n„aa,1u,5n‚s.
951 3728 984 3778 ie
1007 3724 1104 3778 situs
1127 3721 1262 3775 [uestras

226 3841 229 3844 ⁴
279 3796 306 3850 in
328 3802 418 3866 qrdlus
439 3809 554 3877 utrisque
576 3811 784 3862 antemeridiano
801 3812 920 3862 ludorum
938 3812 1085 3881 spectaculo
1104 3809 1175 3860 editu
1197 3808 1263 3857 inter

209 3918 212 3923 ’
279 3896 333 3934 ⁸⁶⁸⁶
348 3887 459 3952 “Willis
476 3907 507 3941 nc
528 3891 635 3947 invicem
652 3895 818 3963 obstreperent
834 3913 933 3948 acerrae.
968 3893 994 3959 4,
1007 3894 1034 3957 5,
1052 3893 1094 3945 13.
1112 3894 1176 3945 laec
1196 3891 1265 3942 inui-

115 4026 118 4029 <
196 3973 257 4031 ll*
279 3979 332 4018 ⁶⁶³⁸
348 3969 454 4024 masi·
490 3971 1219 4044 8‚5‚2s.12‚10‚46‚mmmmrumim,
1241 3982 1266 4027 et

200 4113 206 4125 ,
281 4048 557 4123 cunicarnam
569 4062 677 4117 auam
695 4067 842 4134 precenta
876 4065 967 4122 riori.
987 4063 1055 4121 iun.
1070 4060 1114 4126 14,
1128 4060 1172 4116 rs.
1190 4061 1265 4134 oppt-
