2632 4770
97 306 100 312 .
197 240 262 306 are
484 236 632 307 noers
672 194 954 303 uscuormt.

267 389 1065 462 gtmrsntmesumctuetonagtumpemtoes
1090 393 1259 451 moses

267 478 500 531 mansuetasse
520 477 728 531 moueatur.
762 475 799 527 Et
812 490 836 527 c.
848 471 893 527 61.
915 475 956 527 ita
978 492 1026 529 coe
1045 480 1215 547 gewrite,
1234 489 1259 536 et

267 579 346 631 seque
361 564 425 615 delto
433 568 516 630 fortes
527 579 608 629 neque
621 577 687 629 poce
702 560 761 612 boni
777 567 823 613 sut
838 559 915 613 uites
924 561 1053 627 furitis,
1076 565 1220 634 &magis
1238 567 1261 616 ts

266 647 390 699 nditiorae
409 647 615 713 concitandisque
636 646 761 696 militibus
789 645 911 703 aduersus
933 654 1051 698 vestrum
1077 647 1260 716 imperarem

269 730 348 796 (haec
362 746 414 782 non
429 731 498 781 hone
512 729 655 782 emendate
670 702 809 795 vitantur)
833 745 911 797 psam
932 731 1043 797 pudoris
1068 732 1262 811 medendoque

199 850 202 855 -
263 816 369 883 joardis
381 815 554 867 studiosiores.

298 890 421 970 'Diversa
442 916 512 969 ratio
532 921 573 969 est
587 915 615 967 in
628 915 671 968 hie
684 917 815 984 Pompon.
829 915 922 968 Melae
941 915 968 980 2,
981 914 1011 982 o,
1024 914 1054 969 2.
1079 918 1227 988 mgisque
1240 927 1260 974 et

268 1001 356 1071 magis
370 1001 448 1055 latior
459 1002 496 1053 od
510 1001 664 1054 occidentem
678 1001 741 1054 odit.

214 1120 218 1125 ·
301 1103 394 1173 Magis
410 1104 488 1156 molle
507 1110 619 1156 nonant
642 1099 819 1172 grammatici
837 1101 967 1155 Plautum
981 1106 1012 1155 et
1030 1101 1161 1159 Livium
1180 1112 1209 1158 et
1221 1105 1257 1159 tt·

268 1185 381 1257 pianum
401 1185 508 1240 dhisse.
540 1189 577 1242 tt
589 1187 683 1249 Ptautt
700 1187 825 1255 exempla
848 1202 902 1239 non
922 1187 1079 1253 nominent.
1121 1190 1180 1243 Vd.
1199 1180 1253 1257 Scis

269 1272 374 1326 Gontil.
385 1273 501 1340 Purerg·
515 1271 541 1334 1,
555 1270 599 1323 37.
616 1290 641 1339 p.
656 1270 699 1325 94.
720 1270 841 1338 Miecatt,
852 1269 966 1325 Observ.
980 1271 1052 1325 Nov.
1070 1272 1116 1327 T.
1133 1274 1165 1329 1.
1189 1272 1256 1344 pei.

269 1356 349 1424 Apud
365 1355 425 1409 niv.
446 1357 490 1421 22,
503 1355 546 1420 et,
562 1356 603 1408 ll.
627 1358 752 1426 poputum
776 1356 884 1409 liberum
903 1357 1057 1411 scottorum
1075 1375 1116 1412 ac
1140 1361 1258 1415 datam

219 1426 230 1449 ²
262 1437 520 1510 'cs'(cousu1etum),
539 1440 873 1511 quimogisoereos'uoere
890 1458 969 1508 quom
989 1442 1037 1501 diu
1050 1443 1197 1515 imperare
1211 1462 1258 1497 ns·

266 1528 307 1581 lit.
326 1528 355 1578 Ιι.
370 1544 394 1578 e.
411 1524 457 1594 qui
471 1525 561 1592 potius
574 1524 678 1577 melit.'
697 1523 753 1577 Sed
765 1523 898 1594 Vipieuus
917 1525 946 1578 iu
961 1526 1028 1596 mg.
1042 1524 1095 1592 1⁷,
1114 1526 1146 1593 2,
1163 1526 1208 1594 52,
1223 1528 1257 1581 tt

264 1612 342 1682 finge
355 1611 425 1664 enim
442 1612 519 1662 maile
534 1626 592 1662 een
614 1608 701 1680 magis
716 1596 795 1662 sunm'
810 1612 931 1678 consequi
948 1628 1033 1681 quotu
1046 1612 1210 1666 dominium
1226 1614 1257 1668 i*

200 1696 203 1703 '
268 1696 350 1749 sulae.
383 1695 432 1747 Est
447 1693 532 1764 igitur
551 1700 614 1747 usus
627 1692 785 1761 posterioris
800 1692 906 1747 acutia.
1041 1690 1044 1697 '
1160 1710 1163 1717 ’
1221 1687 1228 1694 ’

218 1864 221 1868 ·
282 1846 315 1933 1)
344 1828 462 1937 Magis
485 1869 506 1910 a,
523 1846 664 1911 librariis
685 1856 926 1913 commutatum
949 1846 999 1910 est
1016 1834 1109 1912 'dd‘r'n
1139 1829 1256 1917 moires.

80 1948 92 1961 ·
201 1930 254 1996 vd.
277 1933 447 1999 Drakenb.
473 1932 512 1996 ad
535 1932 648 2008 Lice,
666 1936 716 2006 19,
737 1936 768 1998 7.
794 1930 970 2013 ad26,41,
989 1936 1042 1996 16.
1066 1933 1256 2013 Burmann.

203 2016 245 2082 ad
259 2020 382 2083 Lucan.
407 2043 442 2106 p.
459 2021 530 2082 118.
554 2016 724 2080 Heindorf.
751 2015 791 2080 od
815 2018 883 2080 Cic.
908 2016 948 2080 de
968 2016 1044 2082 Nat.
1071 2020 1110 2084 d.
1140 2012 1177 2110 p'.
1192 2028 1257 2088 229.

201 2122 278 2166 cum
294 2104 417 2169 minue.
459 2103 512 2166 vd.
529 2098 677 2167 Lambin.
698 2101 742 2167 ad'
756 2102 823 2166 Cic.
847 2103 887 2165 de
909 2103 1000 2166 Prov.
1018 2124 1120 2170 cons.
1131 2110 1196 2182 ·15.
1211 2113 1256 2173 37.

199 2185 313 2255 Heius.
329 2188 371 2255 ad
387 2186 483 2254 ovid.
492 2188 572 2252 Her.
592 2191 726 2271 17,1oe.
749 2186 919 2255 Drakenb.
938 2186 978 2252 ad
991 2186 1066 2255 Liv.
1081 2192 1146 2275 45,
1163 2197 1216 2273 25,
1230 2198 1256 2258 7.

474 2408 961 2497 MAGNOPERE.
1022 2500 1025 2505 .

284 2589 323 2654 In
344 2589 505 2656 vocabulo
522 2608 758 2669 usercense,
783 2591 872 2676 quod
889 2613 930 2656 ex
945 2613 1078 2678 magno
1099 2606 1138 2659 et
1159 2620 1256 2682 opere

202 2686 348 2755 constat,
378 2677 458 2741 duae
478 2698 529 2740 res
551 2687 626 2740 sunt
649 2675 971 2757 animadvertendae,
992 2678 1204 2762 significatio
1228 2693 1256 2746 et

201 2761 375 2846 scripturn.
427 2761 489 2826 Sed
514 2784 614 2847 quum
640 2762 842 2847 grammatici
876 2786 945 2826 non
977 2773 1045 2826 tam
1081 2765 1255 2832 diversam

199 2846 473 2933 significationem
492 2847 665 2914 scribendo
692 2847 888 2931 distinguere
905 2847 1054 2929 soleant,
1082 2873 1192 2936 quem
1217 2874 1257 2917 ex

201 2931 327 2998 diversa
357 2935 538 3020 scripturae
567 2932 675 2997 forma
705 2931 861 3016 colligere
886 2935 1066 3020 proprium
1102 2959 1257 3017 sensum,

200 3018 312 3103 primo
336 3018 410 3081 loco
432 3018 528 3081 nobis
554 3018 593 3082 de
615 3016 676 3082 hac
699 3015 808 3081 forma
831 3029 880 3081 est
904 3019 1097 3085 dicendum.
1142 3025 1255 3110 Atque

200 3103 347 3167 virorum
370 3103 545 3166 doctorum
562 3103 633 3180 elii,
654 3112 692 3167 ut
708 3103 989 3183 demonstrarent,
1010 3115 1147 3170 veteres
1163 3109 1254 3172 Lati-

200 3211 262 3254 nos
289 3190 387 3253 etiam
411 3188 571 3252 distractis
601 3186 772 3252 vocabulis
789 3211 919 3276 magno
938 3212 1039 3275 opere
1063 3193 1252 3280 scripsisse,

103 3318 105 3323 -
201 3284 430 3359 argumentum
446 3275 605 3346 invenisse
621 3274 681 3337 sibi
700 3274 759 3337 visi
781 3286 851 3337 sunt
871 3277 905 3337 in
929 3276 1130 3341 auctoritate
1150 3279 1250 3341 codi-

200 3379 300 3433 cum,
325 3360 376 3422 alii
395 3370 501 3423 autem
518 3361 552 3423 in
570 3358 752 3423 diversitate
768 3361 1014 3425 sententiarum.
1058 3360 1243 3427 InteriHos

200 3444 419 3528 conspicimus
443 3443 714 3531 Oudendorpium
740 3443 779 3507 ad
803 3446 944 3508 Sueten.
970 3445 1063 3512 Caes.
1087 3453 1121 3511 1.
1148 3457 1178 3510 ot
1195 3445 1239 3508 od

201 3530 378 3594 Caessscll.
418 3530 518 3611 alls1,
538 3537 587 3594 13.
607 3529 918 3595 Drakenborchium
936 3531 1055 3596 adLiv.
1072 3536 1127 3609 28,
1142 3534 1191 3610 18,
1208 3533 1244 3594 t.

201 3614 352 3704 Gortium
375 3554 415 3678 ad
433 3611 515 3678 Plio.
537 3614 641 3702 Epist.
669 3622 697 3692 1,
716 3619 748 3679 7.
776 3615 832 3700 qui
849 3612 962 3680 omnes
987 3616 1186 3681 Ciceronem
1213 3627 1248 3681 et

195 3698 329 3763 ¹Livium
346 3723 475 3786 magno
492 3725 512 3763 o
538 3723 601 3775 ere,
617 3700 681 3764 nisi
695 3722 836 3785 semper,
853 3713 962 3765 tamen
979 3703 1111 3788 saepius
1124 3701 1250 3767 dixisse

202 3782 385 3849 affirmant:
419 3784 498 3848 Wol
528 3809 581 3849 um
603 3785 638 3849 in
653 3785 796 3850 Analect.
819 3808 852 3871 p.
869 3792 943 3850 291.
980 3787 1030 3850 Ex
1055 3786 1109 3851 his
1134 3799 1251 3854 autem

199 3880 267 3935 tres
287 3871 437 3941 nomino.
481 3871 686 3935 Heinrichius
710 3873 797 3934 enirn
822 3871 860 3933 ad
888 3873 954 3935 Cic.
981 3871 1021 3936 de
1038 3872 1087 3937 Re
1114 3897 1152 3959 p.
1173 3879 1250 3938 167.

200 3958 306 4037 „Loci
322 3968 414 4035 sunt,
438 3957 566 4042 inquit,
586 3958 639 4020 ubi
653 3978 781 4042 magno
798 3978 908 4040 opere,
932 3968 1029 4020 tauto
1047 3980 1168 4057 opere,
1190 3960 1253 4023 ni-

197 4042 270 4108 mio
285 4066 385 4132 opere
401 4045 537 4109 omnino
555 4053 587 4108 et
606 4041 702 4108 unice
723 4050 850 4107 rectum
873 4052 939 4108 este
963 4042 1033 4123 alii,
1047 4062 1108 4117 tn.-
1122 4046 1252 4131 quibus
