2632 4770
131 221 173 282 80
387 262 392 269 .
601 206 698 275 tue.

145 382 148 393 ·
199 367 356 440 capitalium
371 364 502 427 enea,
518 362 633 432 offendes
647 378 702 417 een
720 360 850 431 patticam
865 362 1046 433 metata·
1069 366 1183 421 mittite

195 455 298 524 nepotis
310 450 367 502 mei.
402 449 453 499 liic
467 455 510 511 tu,
530 449 670 516 Africano,
686 449 807 501 ostendas
827 450 949 517 oportebit
968 451 1078 520 petrin
1095 451 1182 505 iumen

198 540 297 603 animi,
314 533 415 605 ingenti
430 532 578 600 concitique
592 532 641 584 tui.
676 531 884 593 Terent-Andr.
899 535 930 599 2,
945 534 979 599 8,
993 530 1037 587 lu
1061 535 1108 588 tue
1121 538 1182 591 ted·

192 627 237 679 des
257 623 360 683 omniu,
393 634 460 687 quae
481 633 549 668 nuuc
565 624 627 671 sunt
647 618 722 671 iustu
742 618 768 672 ci
790 619 911 693 condia,
929 620 1029 674 taceae
1048 626 1082 675 11
1103 621 1180 675 sient.

196 706 295 776 virgil.
311 704 362 757 Ge.
378 701 412 768 4,
429 699 491 755 264.

216 808 266 871 14.
297 806 444 890 Vtraque
467 802 562 868 notio
585 812 617 868 et
642 802 805 891 temporis
834 813 868 869 et
898 803 1103 875 conditionis
1131 806 1179 872 rei

129 892 216 961 haud
233 913 309 956 raro
336 890 547 975 coniungitur
570 891 602 953 in
626 911 694 954 uuo
719 888 880 955 vocabulo
903 891 978 956 liic.-
994 894 1096 990 'quod
1121 914 1179 957 cx·

128 980 245 1069 plicari
263 986 391 1065 potest,
415 998 516 1061 quarm
539 998 594 1041 res
618 1000 656 1040 eo
679 976 753 1040 loco
775 973 839 1057 sit,
861 998 964 1063 qrnrm
986 988 1040 1041 sta
1063 1002 1103 1045 se
1125 1000 1178 1043 ree

127 1062 274 1141 lrabeat,
295 1058 392 1126 reduc
407 1061 460 1123 ita
479 1060 709 1146 comparatis,
731 1061 794 1125 leuc
814 1082 929 1125 rerum
952 1072 1060 1127 statu.
1103 1060 1175 1129 Vid.

127 1149 297 1219 Manutius
314 1146 354 1211 ad
367 1146 433 1211 Cic.
443 1144 547 1232 Epist.
557 1150 589 1225 5,
602 1149 650 1211 15.
672 1144 777 1231 quue
795 1147 931 1233 proprie
946 1159 1128 1235 usurpatur
1143 1148 1176 1213 in
1214 1170 1216 1177 ·

129 1234 364 1321 occupatione,
389 1231 440 1297 vel
458 1232 493 1295 in
517 1230 790 1315 consequutioue.
832 1230 903 1295 Nos
927 1230 975 1295 da
1000 1256 1094 1313 aran,
1117 1234 1174 1299 cla.

127 1320 204 1387 vid.
227 1320 360 1382 Cortius
386 1315 425 1379 ed
443 1316 512 1379 Cic.
527 1316 633 1401 Epist.
651 1318 683 1393 5,
701 1318 752 1395 15,
774 1318 805 1378 8.
827 1326 855 1378 et
877 1316 919 1379 ad
933 1316 1063 1383 Sallust.
1081 1318 1175 1385 Catii.

128 1408 183 1483 52,
194 1410 244 1469 11.
260 1402 315 1467 ubi
329 1400 478 1467 Kritaius
494 1400 592 1465 docet
601 1400 735 1464 Latinos
753 1400 797 1466 uti
815 1400 1108 1488 hacpa1·ticuia‚ut
1122 1405 1175 1471 aii·

129 1512 230 1579 quem
245 1510 322 1553 cum
337 1488 442 1552 ironia
459 1495 492 1550 et
506 1486 729 1575 indignatione
744 1497 932 1573 coarguant,
948 1488 1175 1575 imprudenter

127 1596 205 1643 eum
222 1596 334 1661 agere,
358 1583 396 1636 ut
411 1574 444 1637 in
458 1570 514 1635 tati
531 1593 568 1636 re
584 1591 652 1636 uon
665 1571 847 1635 conveniat.
889 1575 931 1636 At
946 1572 1028 1638 hacc
1044 1572 1093 1639 vis
1108 1598 1173 1641 non

127 1664 162 1729 in
179 1664 249 1752 ipsa
266 1657 423 1746 particula
437 1658 540 1736 inest,
559 1658 617 1721 sed
632 1654 697 1721 hoc
712 1657 815 1720 modo
832 1680 933 1743 genus
949 1659 1083 1745 aliquod
1101 1684 1173 1727 seu-

126 1750 306 1813 tentiarum
326 1751 436 1831 potest
451 1739 577 1822 notari,
598 1742 633 1806 in
658 1758 726 1828 quo
748 1742 806 1805 Ιιίο
830 1743 965 1841 proprie
989 1756 1171 1833 usurpetur.

129 1837 255 1922 Saepe,
280 1852 350 1895 uon
368 1848 500 1913 semper
519 1826 629 1891 forma
649 1828 921 1913 interrogationis
942 1826 1099 1918 fingitur,
1122 1830 1171 1918 (ci.
1213 1844 1215 1883 :

127 1922 290 1987 Goerenz.
313 1910 641 1991 iactantiae,
665 1915 704 1987 8,
727 1916 797 1992 23.)
822 1934 886 1997 qua
908 1915 1094 2003 indignatio
1116 1939 1171 1983 ex·
1213 1972 1215 1979 .

127 2006 295 2094 primitur.
339 1998 559 2063 Coniunctivo
584 1997 676 2063 nulla
696 1999 800 2064 estin
819 1994 872 2064 iris
896 2003 1003 2081 ratio,
1027 2003 1093 2068 nisi
1116 2024 1172 2068 ex·

126 2092 286 2155 trinsecus
311 2084 445 2149 accedit.

241 2202 300 2257 cic.
313 2200 419 2255 verrin.
436 2202 470 2267 2,
484 2196 535 2264 44,
550 2198 611 2253 lou.
629 2200 672 2254 tta
687 2214 733 2254 uos
753 2198 920 2267 dubitabitis,
940 2202 1053 2272 iudices,
1069 2214 1172 2263 tantan

192 2284 265 2347 istius
288 2286 426 2339 aurianam
443 2314 476 2327 -
494 2284 646 2340 uindicare?
680 2304 706 2355 p.
728 2286 816 2340 Marc.
835 2286 871 2352 8,
891 2284 934 2340 25.
959 2291 1001 2343 hic
1022 2297 1051 2345 tu
1071 2296 1173 2347 ardun

193 2378 255 2425 tuae
269 2370 338 2424 uitae
352 2388 403 2423 non
419 2372 502 2424 sainte
521 2373 561 2424 rei
578 2370 709 2441 publicae,
724 2370 770 2423 sed
792 2374 922 2441 aequitate
943 2376 1027 2428 animi
1048 2378 1173 2445 umato?

196 2472 223 2525 p.
244 2454 319 2525 Lego
334 2471 405 2509 mun.
423 2456 473 2520 13,
492 2454 535 2509 89.
554 2456 596 2508 nte
617 2455 745 2508 miramur
765 2454 834 2507 hunc
855 2458 984 2510 nominem
1007 2464 1111 2515 tantuin
1131 2480 1172 2516 ec·

197 2540 284 2594 cetiere
301 2541 388 2593 ceteris
405 2540 461 2592 -1
495 2540 530 2593 ed
544 2540 622 2592 Fam.
637 2538 669 2603 5,
683 2537 734 2601 15,
747 2538 773 2592 8.
791 2538 833 2593 tta
850 2550 878 2594 tu
893 2560 926 2596 ea
947 2560 989 2596 mc
1009 2546 1097 2600 adase
1115 2548 1172 2601 urie

193 2627 318 2687 miraris,
336 2624 364 2676 in
382 2642 434 2692 qua
449 2626 538 2677 stamus
556 2620 624 2675 nihil
637 2625 763 2675 delectare
780 2624 882 2692 possit?
915 2624 950 2691 t,
969 2626 1018 2693 18,
1038 2628 1065 2683 8.
1089 2632 1129 2683 {ia
1140 2636 1168 2683 ts

156 2736 159 2741 ·
192 2727 235 2762 me
256 2708 336 2760 etiam
355 2706 506 2769 insimulas,
525 2722 572 2759 nec
592 2707 798 2773 satisfactionem
818 2726 902 2763 meum
923 2712 1026 2782 accipis.
1059 2714 1096 2767 'tie
1111 2712 1169 2767 Pb.

194 2790 221 2854 Ξ,
240 2786 266 2854 8,
286 2788 329 2842 2&
349 2790 390 2842 ite
406 2790 482 2843 tanc
497 2804 597 2843 severus
613 2788 745 2843 luceriam
768 2790 852 2861 ἱρωω
870 2812 919 2865 pu·
938 2810 965 2850 ee
985 2798 1171 2869 septemca-

196 2876 259 2930 dum
278 2888 330 2926 non
344 2878 431 2943 putat.
915 2888 919 2895 ·

238 2970 295 3030 cic.
310 2973 384 3027 Putl.
402 2975 433 3041 Β,
450 2968 541 3040 4,11.
566 2972 609 3028 tte
631 2971 697 3029 mitti
711 2971 789 3029 etiam
808 2974 839 3045 Q.
853 2976 946 3048 Fufius
961 3010 995 3021 -
1009 2982 1084 3053 pacis
1105 3002 1170 3039 con·

193 3062 271 3113 taeda
291 3068 477 3113 commemorat.
511 3058 583 3112 Ptin.
601 3062 688 3130 Epist.
703 3060 729 3127 1,
743 3058 786 3126 21),
801 3058 829 3114 4.
846 3062 888 3116 ta'c
907 3066 951 3118 tue
964 3082 1063 3120 mecum
1085 3077 1170 3123 aucta

195 3145 319 3197 nitatibus
332 3146 402 3213 agit.
436 3142 491 3196 (iic.
512 3143 611 3213 Agros.
629 3146 662 3211 1,
677 3145 710 3212 d,
730 3148 773 3199 11.
790 3148 833 3199 ieie
854 3166 963 3216 quaero,
981 3150 1004 3202 ri
1024 3152 1171 3223 Hiempsali

168 3244 170 3248 ·
191 3227 256 3279 satis
277 3236 315 3280 est
333 3234 436 3280 cautum
450 3230 558 3298 saedere
575 3238 601 3282 et
615 3232 794 3284 Recentoricus
815 3246 883 3300 ager
903 3235 1019 3302 priuatus
1037 3244 1092 3301 est,
1112 3237 1170 3307 quid

194 3312 328 3364 attinuerit
351 3312 454 3381 excipi?
491 3328 516 3380 p.
540 3312 615 3366 coel.
629 3312 680 3378 25,
694 3314 739 3365 til.
766 3314 809 3365 iu'c
825 3317 940 3384 primum
962 3318 1032 3372 tuae
1053 3324 1169 3391 requirar

195 3396 258 3463 quid
280 3398 413 3449 attinuerit
432 3398 498 3450 tuna
513 3390 585 3464 seiri
606 3401 634 3450 in
651 3416 709 3450 eum
725 3400 815 3450 iocum.
848 3398 946 3469 vtrgu.
971 3404 1040 3459 Aea.
1054 3404 1089 3470 2,
1111 3406 1168 3461 568.

194 3481 237 3532 hic
257 3478 378 3531 Priamus
390 3496 545 3549 quamquam
561 3483 588 3534 in
605 3484 691 3535 media
706 3480 761 3535 iam
782 3491 865 3536 morte
883 3493 998 3552 ianuar,
1015 3499 1169 3547 nontamen

193 3566 326 3617 abstinuit.
361 3566 461 3617 Catuli.
476 3565 526 3629 ut,
544 3566 586 3619 63.

239 3664 296 3719 cte.
312 3666 346 3718 de
364 3668 427 3721 nat.
451 3668 475 3719 d.
500 3669 534 3731 2,
547 3666 597 3733 53,
612 3668 672 3722 133.
697 3672 738 3723 iric
752 3676 861 3740 quaerut
879 3673 1022 3743 maispr'um,
1041 3674 1173 3728 udusncn

192 3766 282 3801 caussa
306 3760 444 3804 tantarum
465 3772 551 3805 rerum
577 3757 672 3807 molitio
693 3763 775 3824 sacta
804 3759 847 3809 sit.
889 3758 931 3809 tta
953 3760 1116 3823 Wulkcrue‚
1143 3768 1172 3812 ut

193 3833 248 3896 uit,
270 3852 287 3886 o
309 3833 401 3887 codice
416 3838 510 3904 regio:
530 3837 628 3905 reliqui
649 3841 690 3889 sin
706 3850 814 3908 quaerut
829 3841 874 3892 vel
888 3843 927 3893 sin
942 3851 1058 3910 maeret.
1094 3844 1172 3911 Quod

192 3916 389 3972 defendendum
409 3931 476 3973 erait.
511 3920 556 3971 Sic
578 3936 624 3974 nus
639 3940 712 3975 wann
728 3943 782 3975 aran
791 3927 900 3990 jemand
918 3932 1009 3996 srugt.
1044 3946 1071 3995 p,
1087 3930 1170 3981 Arcti.

190 4000 218 4079 fi,
233 4001 260 4054 8.
276 4006 318 4057 tte
336 4015 364 4060 tu
380 4006 481 4057 tabutas
498 4007 628 4059 desideres
643 4008 847 4061 Heracliensium
861 4014 977 4080 publicus
990 4013 1055 4087 -ζ
1080 4013 1172 4067 Maius

774 4136 807 4171 .-Ι.
898 4142 906 4153 “
937 4136 976 4169 r!

668 4168 671 4175 .
775 4174 789 4183 ¹,
823 4170 874 4191 ·=.¹
907 4171 976 4203 ’,μ
