2632 4770
58 240 61 247 ·
134 224 176 285 aa
243 184 249 213 ¹
594 205 702 277 utar.

220 371 254 431 2.
277 363 415 432 Videtur
431 360 564 448 quidem
579 361 654 429 bem
670 360 768 425 etiam
781 380 844 448 pro
859 360 940 427 leus
953 359 1037 450 poni
1057 360 1094 427 in
1120 359 1178 427 ad·

141 449 308 531 vocando,
329 458 367 511 ut
389 448 561 514 reddatura
585 447 627 514 lae
651 447 719 512 sive
743 444 842 511 laeda.
863 444 1179 597 lgnemadmoduns

142 536 276 603 Terent.
294 531 487 613 Andr.‚5,a,
504 536 555 597 19.
577 532 673 612 bem,
693 530 842 610 Dromo,
909 555 1006 613 (amo.
1050 532 1112 597 Hic
1127 542 1179 599 ta·

144 643 223 689 men
237 622 327 688 locus
344 617 384 682 ad
401 639 457 683 eos
470 616 587 683 referri
604 616 716 701 debet,
741 615 909 705 inquibus
935 618 1052 706 aliquis
1076 618 1127 684 ira
1149 626 1181 684 et

145 703 315 772 stomacho
334 702 525 768 exardescit.
816 700 846 767 ⁸

225 830 256 891 3.
280 821 430 888 Notanda
446 832 493 887 est
507 819 711 887 consuetudo
721 794 952 901 'comicorum
973 843 1039 909 qua
1055 822 1134 888 Item
1146 822 1178 888 in

28 934 32 941 ·
144 917 294 975 extremo
311 928 406 973 versu
425 929 550 995 ponere
568 906 735 983 solebant,
757 907 910 974 etiamab
934 906 1038 973 initio·
1053 909 1179 975 oratio-

143 994 207 1058 nis.
246 995 330 1059 Eam
344 993 524 1059 observavit
539 1002 571 1059 et
598 993 826 1059 emendatione
847 992 1018 1079 aliquoties
1040 994 1178 1060 restituit

144 1076 447 1245 pgptlfiqiqq.25llide
468 1088 565 1145 notas
589 1078 630 1147 ad
650 1078 787 1147 Terent.
801 1076 906 1145 Andr.
927 1078 1007 1163 8,4,
1024 1084 1075 1147 12.
1105 1081 1180 1164 6,2,

228 1284 261 1350 4.
284 1283 507 1370 Componitnr
525 1282 602 1346 bem
618 1291 650 1345 et
674 1302 750 1346 cum
774 1287 954 1348 accusativo
973 1290 1005 1346 et
1028 1301 1106 1347 cum
1122 1279 1177 1345 de·

146 1368 215 1433 tiro
240 1372 434 1446 nominum,
457 1365 515 1430 ubi
536 1365 657 1452 aliquid
675 1367 860 1444 ostenditur
882 1378 914 1432 et
944 1367 1038 1432 alicui
1062 1366 1177 1453 aliquid

148 1454 303 1527 oflertur:
335 1453 425 1541 quod
449 1450 487 1516 fit
509 1450 650 1536 elliptica
679 1454 823 1531 ratione,
847 1475 917 1518 non
939 1452 971 1517 vi
998 1451 1177 1540 particulae,

149 1561 232 1627 quac
252 1539 390 1608 verbum
412 1560 483 1619 non
509 1534 650 1625 attingit.
697 1535 737 1602 In
754 1537 887 1626 reliquis
905 1539 993 1603 euim
1014 1537 1176 1626 loquutlo?

146 1625 244 1693 nibus
257 1649 317 1716 per
336 1648 371 1692 se
386 1633 540 1720 constan
1157 1658 1161 1663 -

249 1748 339 1816 „cnm
360 1741 527 1798 nominativo
551 1741 635 1795 etlam
648 1741 726 1812 iungi
741 1741 801 1794 vult
820 1740 1016 1811 Despanterius
1032 1757 1059 1808 p.
1075 1737 1134 1793 m
1148 1740 1175 1793 11

215 1832 275 1885 bem
295 1834 400 1885 Dama:
427 1833 455 1881 et
480 1825 617 1881 neminem
638 1843 672 1879 ex
692 1826 813 1895 probetis
834 1826 874 1880 sic
895 1827 1051 1893 loquentem
1067 1820 1181 1879 invenlt

216 1914 300 1969 Adsit
321 1913 432 1966 Vrsinus
456 1929 482 1979 p·
498 1898 559 1964 49⁰.
581 1916 609 1964 et
629 1927 691 1963 cum
710 1910 820 1964 dativo:
852 1916 884 1964 ut
908 1911 1024 1964 Terent·
1042 1904 1174 1971 limat,

162 2026 165 2030 ·
216 1995 284 2063 25.
304 1997 358 2049 ‚nt
376 1996 402 2062 2,
418 1995 444 2059 l,
460 1995 502 2048 ltt.
518 1997 576 2049 bens
594 1996 685 2049 misero
704 1996 784 2048 milri:
808 1997 837 2048 at
857 1995 914 2060 laci,
935 2011 989 2048 non
1003 1990 1175 2061 semeptisis.

217 2080 368 2148 quibusque
390 2077 528 2133 codicibus
546 2079 658 2149 legitur.
691 2079 725 2132 ln
744 2080 798 2131 hoc
817 2083 910 2131 autem
934 2078 1056 2131 eiusdem
1074 2078 1176 2137 Plana..

216 2161 244 2228 5,
259 2160 286 2228 6,
302 2163 328 2215 l.
347 2164 404 2217 bear
417 2165 482 2217 tibi!
501 2165 549 2217 titt
562 2181 619 2217 non
635 2164 670 2217 ab
682 2166 756 2228 besa,
772 2162 822 2214 sed
843 2163 960 2215 uuerbe
981 2162 1121 2216 intellectu
1141 2157 1176 2213 ὖ

217 2263 262 2315 cc,
281 2248 384 2318 ncdpa,
402 2250 448 2301 acl
459 2247 543 2303 simili
559 2248 690 2317 pendet.“
724 2262 903 2301 eminans.
922 2246 1040 2301 Tomz
1060 2264 1088 2316 p.
1102 2242 1179 2307 att,

232 2383 265 2448 6.
288 2385 372 2450 Vsus
396 2384 492 2450 huius
507 2385 685 2473 particulae
707 2383 795 2450 haud
818 2382 912 2448 facile
931 2383 1059 2448 excedit
1082 2381 1181 2448 collo·

151 2463 227 2553 quia
243 2479 274 2534 et
289 2469 467 2551 familiares
479 2494 656 2549 sermones.
700 2471 810 2552 Quare
826 2490 987 2555 nusquam
1011 2472 1047 2533 in
1064 2470 1184 2533 oratio*

150 2551 247 2618 uibus
262 2555 444 2640 invenitur,
465 2558 529 2622 nisi
544 2557 601 2621 ubi
621 2557 715 2623 verba
735 2555 893 2640 evulgari
912 2564 944 2616 et
968 2554 1046 2618 exili
1069 2566 1185 2641 genero

152 2634 280 2705 dicendi
299 2641 494 2730 deprompta
508 2652 595 2707 sunt.
640 2643 752 2724 Quum
775 2642 876 2724 igitur
889 2638 1037 2703 Muretus
1063 2652 1095 2704 et
1120 2641 1187 2707 Ga‘

150 2726 299 2790 antonius
317 2727 353 2788 in
373 2728 442 2791 Cic.
469 2727 552 2791 Phil.
568 2729 599 2805 5,
615 2730 646 2801 6,
666 2729 716 2792 15.
738 2725 948 2790 defenderent
972 2725 1112 2790 vaticani
1130 2744 1189 2788 co·

152 2805 233 2872 dicis
263 2811 461 2897 scripturam
485 2835 538 2876 em
571 2832 746 2886 caussam,
778 2809 931 2875 Ciceroni
955 2807 1036 2873 falso
1061 2810 1189 2875 tribue·

150 2903 248 2972 runt,
271 2896 359 2983 quod
377 2895 518 2962 librariis
536 2897 696 2983 assignare
719 2894 909 2962 debuerant.
952 2894 979 2959 li
1005 2896 1094 2961 enim
1115 2892 1189 2987 nbi·⁴

152 2998 216 3065 que
231 3002 274 3044 esa
291 2983 326 3047 in
350 3004 403 3047 em
420 2983 441 3046 i.
459 3005 487 3046 e.
505 2983 582 3048 laem
596 2991 870 3068 transposuerunt
894 2979 1018 3067 vulgari
1043 2992 1189 3046 serment

149 3061 284 3129 adsueti.
334 3068 380 3131 Ac
402 3067 501 3132 multi
523 3077 599 3131 sunt
621 3068 705 3146 loci,
732 3067 767 3131 in
792 3067 908 3154 quibus
929 3065 1091 3131 vocabulo
1113 3067 1189 3131 laem

151 3148 347 3215 substituere
363 3152 466 3238 possis
483 3175 535 3232 en,
558 3174 670 3239 patrea,
687 3153 720 3216 in
738 3153 860 3239 quibus
875 3153 1092 3229 contrarium.
1126 3151 1189 3216 Ge·

150 3242 260 3298 terum
275 3236 519 3301 Lindemannus
536 3238 576 3301 ad
591 3237 696 3302 Plauti
713 3239 806 3325 Capt.
823 3243 855 3318 3,
869 3238 900 3315 4,
916 3240 949 3300 8.
971 3237 1099 3322 negavit
1113 3237 1189 3319 laem

151 3334 220 3383 csse
235 3323 468 3398 monstrantis,
493 3322 581 3408 quod
607 3323 778 3408 quomodo
799 3322 1010 3410 comprobari
1028 3323 1136 3409 possit
1154 3323 1189 3388 in

149 3403 190 3466 iis
214 3403 316 3485 locis,
340 3406 506 3491 inquibus
524 3407 793 3474 demonstrationi
808 3407 929 3493 aliquid
952 3429 992 3471 ex
1017 3407 1120 3472 animi
1137 3408 1189 3472 af*

149 3485 239 3551 fectu
263 3489 447 3554 admixtum
473 3514 543 3556 esse
568 3504 719 3580 apparet,
752 3493 903 3578 equidem
918 3515 985 3556 non
1011 3493 1189 3590 perspicio.

149 3571 188 3635 ln
205 3575 300 3661 Capt.
316 3582 347 3651 3,
367 3578 398 3654 sl,
418 3582 449 3641 8.
473 3578 558 3642 bene
573 3600 608 3641 se
625 3578 723 3643 habet
740 3581 899 3665 scriptura
918 3578 1039 3642 codicis
1061 3578 1189 3643 lesden-

149 3657 212 3719 sis:
237 3683 279 3724 en
300 3661 364 3725 titi
376 3663 560 3743 bominem,
581 3662 653 3726 radi.
697 3663 794 3728 (loni.
810 3664 909 3728 Tom.
926 3670 957 3728 2.
984 3688 1017 3752 p.
1035 3666 1109 3730 365.
1152 3663 1189 3727 In

151 3741 218 3805 Cic.
241 3744 326 3810 Phil.
348 3748 518 3828 5,12,32.
547 3750 641 3820 laem,
664 3749 711 3812 ad
734 3771 829 3834 qaam
847 3749 979 3834 legatos
1003 3749 1189 3813 mittamus.

149 3825 317 3894 Ferrarius
341 3835 460 3896 merito
484 3835 644 3899 revocavit
669 3855 727 3907 en,
750 3832 841 3916 quod
869 3857 908 3898 eo
932 3834 1034 3898 modo
1062 3835 1189 3898 dictum

150 3923 215 3993 est,
244 3937 310 4002 quo
335 3923 375 3996 3,
398 3923 437 3991 9,
457 3924 509 3982 22.
533 3940 591 3995 en,
615 3940 673 3981 arar
694 3919 862 4005 rraugister
885 3919 955 3984 cias
980 3944 1019 3984 ex
1052 3932 1189 3985 oratore

151 4000 418 4093 erulorfuctua,
435 4000 662 4090 possidentia
678 4025 766 4092 agro
776 4002 914 4091 publico
928 4005 1053 4093 populi
1070 4028 1189 4093 roma-
