2632 4770
132 251 182 351 ¹42
403 245 511 314 -rm
553 241 711 310 aaran.
754 195 962 337 asur(¹

207 419 273 476 quaa
287 402 317 456 ia
332 399 446 454 mainis
456 393 571 465 'tanqua
585 416 643 450 eum
656 398 803 468 aequalibus
815 398 936 451 uiderant
955 405 1055 468 tempus
1069 408 1188 467 terentes,

205 493 249 544 aad
262 495 335 541 auae
348 500 406 537 aera
420 485 534 537 deditam
553 483 628 535 lanae
653 486 724 535 iuter
740 483 902 534 lucubrantes
921 484 1032 535 aruaillaa
1052 487 1081 536 ia
1103 489 1189 539 media

204 576 306 627 aedium
325 570 453 621 sedentem
481 569 625 620 inveniunt.
650 564 825 633 2³,1t‚ln.
850 567 966 632 loquutus
983 568 1188 638 haudquaquam

204 665 235 709 ut
260 655 385 707 barbanus
408 653 501 706 atallde
526 653 691 719 iaoautaqua,
719 653 764 704 aad
780 651 866 719 potius
883 667 941 702 uum
956 656 1101 707 uerecunda
1118 674 1187 725 gru-

202 747 298 875 minis..
313 820 348 885 8,
363 819 397 885 8,
412 818 454 872 16.
486 821 623 874 Romanus
643 836 749 889 corpore
773 819 974 888 haudquaquam
995 822 1057 875 eatis
1075 820 1197 885 ualidua,'

204 915 316 961 aetnam
330 914 449 959 strenuus
463 906 502 957 uir
515 907 660 974 peritusque
676 903 795 957 militiae.

212 1007 241 1091 *)
252 1007 390 1072 Librarii
401 1009 544 1093 imperiti
554 1005 698 1071 scrihere
710 1005 862 1070 solebant
870 1005 1186 1094 lraudqaamquam.

136 1094 209 1162 vide
225 1093 395 1160 Drakenb.
411 1095 452 1157 ad
464 1093 535 1159 Liv.
552 1099 573 1158 7
582 1096 661 1174 „nd
675 1095 707 1155 8.

327 1255 432 1342 ΗΕ.
491 1255 734 1345 ΗΕΗΑΕ.
789 1261 989 1348 HEHE.

206 1403 402 1487 interiectio
419 1419 477 1480 ΗΕ,
497 1424 580 1489 quae
596 1405 705 1469 nescio
719 1429 759 1470 an
782 1408 935 1474 omnibus
954 1407 1073 1496 linguis
1091 1431 1184 1473 com-

106 1490 108 1495 ’
136 1492 245 1559 munis
261 1494 312 1570 sit,
326 1491 359 1554 in
372 1488 464 1552 libris
480 1510 549 1552 non
565 1502 707 1577 apparet.
739 1492 802 1556 Sed
817 1495 849 1557 in
867 1516 1008 1560 usueam
1024 1493 1123 1558 fnisse
1137 1505 1185 1559 te·

134 1586 239 1642 statur
253 1575 443 1654 Cledonius‚
460 1574 517 1660 qui
532 1596 567 1672 p.
579 1580 670 1641 1831.
686 1577 746 1640 aits
769 1588 807 1642 at
818 1580 850 1642 si
866 1603 930 1668 qua
946 1591 1025 1644 sun-t
1040 1580 1184 1661 similia,

134 1684 219 1748 quae
239 1686 278 1729 ex
292 1659 415 1749 affectu
432 1673 554 1723 meatus
565 1661 762 1748 colligenda
780 1675 868 1740 strat,
890 1664 930 1728 id
948 1677 1007 1741 eat,
1025 1665 1115 1752 quad
1132 1689 1184 1728 sa·

133 1769 215 1811 aum
231 1769 328 1810 aruum
346 1743 515 1811 vocalibus
532 1746 709 1825 misceant,
725 1758 763 1811 at
777 1766 842 1830 ΗΕ,
864 1768 947 1829 011E,
970 1773 1017 1814 ue.
1040 1749 1106 1813 hoc
1125 1760 1183 1830 est,

139 1832 229 1920 qnod
249 1831 376 1898 vocales
399 1830 540 1917 habeant
561 1833 611 1895 vel
637 1831 752 1918 longas
777 1835 827 1898 vel
854 1835 979 1900 breves.
1021 1834 1064 1899 Et
1080 1839 1183 1922 Asper

133 1919 247 1984 lunior
277 1941 311 2004 p.
340 1915 641 1995 17355iaterieotia
664 1928 779 1981 est-
812 1932 873 1984 aut
900 1919 1121 2006 indignantis
1148 1930 1184 1984 ut

134 1997 212 2068 leae.
257 2003 500 2067 Lindemannus
520 2002 641 2066 codicis
669 2002 863 2070 auctoritate
886 2005 1017 2090 scripsit
1039 2006 1099 2087 lie,
1125 2005 1182 2069 ad-

56 2119 61 2137 v
135 2089 215 2154 dens
231 2088 329 2156 haece
352 2092 480 2175 „neque
496 2088 548 2166 lie,
563 2109 670 2178 neque
683 2088 749 2154 liae
765 2089 964 2176 indignantis
980 2092 1182 2155 interiectio-

132 2197 211 2242 nem
236 2175 408 2264 qnisquam
436 2174 744 2258 grammaticorum
765 2176 927 2260 agnoscit:
976 2187 1182 2264 quopropter

132 2260 343 2328 scribendum
360 2254 543 2345 censueriin
560 2264 660 2327 uaef‘
709 2263 751 2322 At
767 2262 794 2323 si
811 2262 882 2346 quis
900 2259 1031 2325 affectus
1050 2272 1107 2344 est,
1130 2263 1182 2327 cui

132 2344 334 2433 designando
351 2345 507 2411 inservire
524 2344 629 2432 possit
643 2344 701 2418 lue,
724 2343 751 2407 is
771 2356 819 2410 est
835 2345 1078 2432 indignationis.

217 2430 340 2496 Latinis
367 2432 464 2496 etiam
491 2447 604 2510 ΗΕΗΕ,
640 2450 755 2495 vocem
780 2433 971 2496 naturaliter
1004 2430 1180 2514 affatuum,

131 2517 233 2583 fuisse
264 2516 299 2580 in
325 2537 404 2597 usu,
436 2537 477 2580 ex
509 2517 658 2579 Varrone
685 2518 913 2602 cognovimns.
964 2515 996 2579 Is
1029 2517 1119 2582 enim
1142 2521 1180 2582 da

131 2605 227 2692 Ling.
245 2602 304 2668 lat.
323 2607 360 2684 6,
378 2605 410 2667 5.
433 2624 520 2665 euax
537 2599 668 2666 uerbum
686 2602 776 2664 uitat
797 2599 997 2689 siguificat,
1019 2603 1081 2665 sed
1096 2602 1179 2692 effit-

65 2712 67 2719 ’
131 2691 247 2754 titium
266 2687 474 2751 naturaliter
501 2689 570 2766 est,
602 2696 638 2749 ut
662 2685 758 2771 apud
780 2686 951 2750 Eruaium:
980 2686 1080 2768 delae,
1108 2693 1180 2774 ipse

131 2777 268 2862 carpens
286 2772 421 2838 cecidet.
466 2771 604 2836 Codices
621 2771 755 2856 quidam
771 2771 877 2835 ltaliae
892 2771 1057 2836 exhibent.
1100 2774 1180 2839 Edi-

131 2862 179 2931 tio
196 2870 306 2925 autem
321 2859 475 2945 princeps
490 2855 571 2921 lre'lre
590 2865 622 2918 et
637 2855 755 2923 Aldina
770 2854 896 2938 laedae,
919 2858 1008 2943 quod
1033 2858 1180 2946 Scaliger

22 3021 26 3025 .
132 2967 284 3034 graecum
305 2946 391 3026 αἰβοῖ
414 2965 482 3008 esse
508 2941 715 3010 existimavit.
761 2943 922 3007 Graecum
939 2942 1135 3009 vocabulum
1153 2968 1182 3012 st

129 3032 333 3108 translatum*
348 3039 449 3109 esset,
471 3037 527 3096 aut
559 3025 660 3090 lisboa
682 3035 737 3091 aut
752 3026 837 3095 lietu
859 3049 977 3091 sonare
1003 3027 1180 3096 debuisset.

131 3118 195 3188 Sed
220 3114 402 3195 Priscianus
424 3137 457 3201 p.
483 3116 576 3178 1024.
600 3113 691 3176 iuter
709 3112 772 3178 luas
791 3126 926 3199 ponuat
954 3114 1061 3181 etiam
1083 3117 1180 3180 soni·-

130 3216 225 3267 tuam
247 3202 490 3266 illiteratorum
518 3197 748 3276 imitationem
773 3198 938 3271 auriens,
961 3198 1072 3276 ltalia,
1096 3201 1181 3270 helia

130 3301 164 3354 et
182 3289 243 3375 plui
257 3299 290 3355 et
307 3287 389 3364 lien,
414 3282 496 3364 laae',
521 3295 553 3348 et
567 3284 648 3349 hau.
691 3283 810 3348 Vtrum
828 3282 936 3346 littera
960 3294 1179 3369 extremaue,

130 3369 204 3440 an'e
222 3370 341 3446 fuerit,
361 3368 580 3434 demonstrari
595 3372 662 3433 non
675 3379 796 3456 potest.
840 3365 1041 3455 significatio
1068 3372 1179 3436 adres

130 3459 182 3525 vel
200 3458 332 3522 odiosas
350 3455 400 3520 vel
416 3458 526 3522 tristes
544 3455 712 3545 pertinere
730 3453 880 3520 videturr
902 3474 980 3518 nam
997 3455 1095 3522 dolor
1118 3478 1179 3522 ox·

128 3546 296 3637 primitur.

193 3686 196 3692 ·
232 3659 405 3718 Foroelliniu
417 3662 532 3717 verbnm
546 3661 627 3715 affert
645 3662 709 3716 eluas
726 3675 780 3731 qua
793 3662 920 3725 auctoru,
939 3659 1039 3717 neseio.

463 3867 466 3871 ·
577 3813 743 3918 ΗΕΙ.Ι

213 3967 425 4032 Grammatioi
450 3974 666 4030 veteres·non
691 3963 801 4026 minus
825 3984 924 4048 qnam
943 3962 1177 4048 prudentiores

128 4050 253 4117 librarii
273 4053 465 4139 antiquioris
481 4049 644 4136 temporis
664 4046 868 4134 distinguunt
882 4046 1061 4144 particulas
1072 4048 1129 4115 liei
1146 4059 1180 4114 et
