2632 4770
491 205 624 321 unn-
641 239 856 317 ,10212222
1029 288 1032 298 ·
1138 237 1208 324 ’222

138 416 230 460 rom.
281 392 516 478 intelliguntur
543 393 725 461 seditiones
747 419 766 462 e
790 378 985 465 criminibus
1010 384 1121 487 ortae,
1153 419 1208 473 aut
1255 443 1285 472 ·,

139 503 225 568 quae
240 478 299 546 illa
312 488 469 568 sequutae
485 491 591 546 erant.

224 625 278 686 29.
298 619 488 684 Memoratu
514 642 581 685 non
610 617 786 704 indignum
804 619 936 686 videtur
953 623 988 691 in
1015 622 1078 690 hac
1100 631 1208 717 parti.

129 706 213 788 cula
239 705 330 770 bre'vi
353 705 533 776 intervallo
564 706 704 794 repetita
734 727 804 789 non
841 706 1026 774 offendisse
1055 710 1205 783 Latinos.

136 792 299 878 Intelligo'
313 793 400 867 enim
416 809 486 855 non
503 792 617 862 locos.
640 810 724 876 quos
741 792 872 863 Cortius
890 796 930 859 ad
943 789 1064 862 Lucan.
1083 803 1114 879 7,
1129 805 1205 866 230.

138 878 359 965 comparavit,
379 877 436 941 ubi
453 875 535 941 inde
558 913 603 925 -
623 875 723 953 inde,
746 900 810 964 pro
826 877 870 942 ab
886 880 952 946 lane
965 894 1073 968 parte
1092 882 1137 933 -’-
1159 886 1203 951 ab
1233 916 1236 919 ¹

137 964 204 1028 ille
214 976 323 1051 parte
338 964 494 1050 ponitur,
518 984 626 1048 neque
646 983 721 1036 eos,
747 963 782 1047 in
806 965 925 1050 quibus
948 967 1032 1034 inde
1051 1006 1096 1026 ——
1121 972 1204 1050 inde
1232 1035 1235 1041 ,

135 1072 200 1139 pro
221 1048 349 1115 deinde
367 1047 507 1112 -·dein
524 1047 650 1112 dictum
668 1060 734 1124 eat,
758 1049 817 1114 sed
836 1051 937 1134 alios,
951 1054 994 1118 ¹in
1010 1056 1129 1142 qttibus
1145 1079 1203 1122 re-

163 1139 255 1201 etitio
283 1136 309 1198 si
333 1133 574 1221 displicuisset,
614 1133 711 1198 facile
743 1136 908 1221 potuisset
940 1141 1086 1213 evitari..
1115 1144 1201 1211 Vide
1297 1164 1299 1168 ⁴

135 1159 207 1288 liv.
226 1228 258 1303 3,
276 1222 329 1299 41,
347 1222 379 1284 5.
402 1225 434 1301 3,
452 1225 505 1296 36,
524 1227 552 1283 1.
577 1220 632 1301 25,
648 1225 701 1300 36,
717 1225 750 1284 7.
774 1220 831 1286 ubi
854 1225 1043 1292 Gronovius
1060 1237 1093 1293 et
1113 1232 1201 1306 ‚Cre-

106 1371 109 1379 .
136 1310 245 1375 verius
265 1309 407 1371 alterum
424 1305 519 1370 abiici
534 1308 710 1370 iusserunt.

222 1427 261 1511 t)
299 1423 400 1491 Inde
427 1434 460 1488 et
495 1422 588 1505 222212
632 1426 884 1489 commutarunt
917 1426 1050 1495 ¹librarii
1088 1430 1197 1524 saepe.
1265 1498 1296 1508 ,,

136 1513 357 1600 Oudendorp.
380 1509 421 1575 nd
446 1509 583 1574 Sueten.
608 1511 711 1597 Calig.
726 1516 782 1575 10.
812 1511 980 1578 Drakenb.
995 1516 1035 1579 ad
1056 1517 1200 1602 11239,

118 1605 197 1679 -33,
217 1601 249 1663 5.
296 1598 433 1685 Saepius
456 1594 539 1660 inde
562 1605 595 1661 et
622 1595 759 1662 deinde.
800 1597 974 1663 Drakenb.
1003 1601 1043 1664 ad
1070 1603 1138 1670 Liv.
1162 1611 1196 1680 8,

138 1691 197 1759 13,
216 1685 267 1748 15.
290 1689 350 1764 22,
367 1685 426 1761 24,
444 1687 496 1746 10.
527 1683 588 1762 42,
605 1683 664 1759 55,
682 1688 713 1748 2.
747 1688 783 1763 1,
800 1688 840 1766 2,
859 1690 889 1749 e.
912 1685 1132 1776 Oudendorp.
1157 1682 1198 1756 aa

136 1772 277 1833 Sueten.
302 1770 381 1834 Ner.
397 1773 450 1833 13.
474 1777 507 1832 et
533 1768 609 1832 victe
630 1768 664 1832 h.
685 1792 714 1833 e.
736 1766 827 1833 uide.
860 1769 964 1835 Beier.
988 1772 1197 1842 20012011.

135 1856 178 1919 T.
204 1861 232 1920 2.
256 1878 290 1942 p.
314 1857 389 1920 242.
426 1865 458 1918 21
487 1853 771 1919 uim.'Drakenb.
797 1855 837 1918 ad
861 1857 930 1921 Liv.
954 1861 992 1938 5,
1015 1863 1075 1936 20,
1101 1866 1133 1926 2.
1164 1873 1197 1928 21
1250 1909 1253 1912 >
1291 1896 1292 1901 1

135 1941 229 2006 idem
245 1942 285 2004 nd
305 1947 335 2023 1,
353 1945 409 2016 20,
424 1944 457 2004 7.
480 1939 519 2003 20
537 1945 589 2015 31,
607 1945 660 2015 38,
678 1945 710 2006 9.
734 1951 766 2005 et
783 1939 827 2004 ob
845 1940 1083 2028 compendium
1096 1969 1197 2034 prae·
1242 1968 1247 1982 ·
1304 1964 1306 1969 ’

133 2027 258 2114 positio
276 2028 325 2090 in.
369 2026 462 2090 ldem
481 2024 522 2089 ad
539 2027 592 2105 25,
607 2032 661 2107 22,
678 2031 708 2092 6.
727 2036 759 2090 21
776 2031 827 2106 10,
840 2032 893 2101 20,
913 2032 942 2092 6.
966 2030 1137 2120 Spalding.
1154 2033 1196 2100 ad
1279 2032 1283 2041 ¹

134 2112 275 2192 Quintil.
292 2114 411 2177 Prodi.
439 2114 698 2177 Commulantur
715 2114 915 2199 compendia
929 2117 975 2186 tu,
994 2116 1041 2193 tii,
1056 2118 1103 2181 in.
1127 2118 1193 2185 vid.

131 2198 303 2264 Drakenb.
326 2198 367 2262 ad
383 2204 423 2279 2,
438 2203 500 2271 21,
520 2204 550 2261 1.
577 2198 617 2261 20
635 2199 673 2272 5,
694 2202 753 2279 18,
772 2200 804 2262 8.
848 2197 989 2265 Librarii
1010 2204 1192 2272 nectendas
1299 2212 1302 2217 ’

134 2284 296 2348 orationis
320 2304 434 2347 caussa
459 2283 579 2349 addere
601 2283 751 2348 solebant
771 2284 983 2370 particulam.
1016 2287 1083 2351 vid.
1104 2289 1193 2354 Dra-

131 2369 232 2434 kenb.
251 2370 291 2433 ad
309 2370 379 2432 biv.
397 2373 457 2448 39,
474 2372 534 2437 49,
557 2376 608 2434 12.
652 2368 741 2432 Inde
763 2379 879 2432 natum
903 2372 953 2436 vel
970 2372 1194 2461 interceptum
1239 2367 1247 2394 ¹

134 2456 175 2519 ab
194 2454 458 2519 antecedentem
480 2464 575 2518 notat
597 2454 685 2520 idem
700 2453 872 2521 Drakenb.
894 2456 934 2520 ad
957 2460 1076 2543 4,-21,
1097 2467 1128 2526 1.
1152 2461 1194 2527 ad

125 2547 187 2623 su,
204 2547 258 2626 27,
273 2546 305 2608 9.
328 2540 369 2606 aa
389 2545 440 2623 ro,
456 2545 510 2622 2ο,
527 2544 558 2604 2.
919 2544 927 2553 ‘
1095 2584 1098 2593 .

333 2698 349 2745 ⁵
397 2824 399 2832 .
461 2757 837 2868 JNDIDEM.

195 2986 197 2991 ,
220 2937 251 2998 1.
281 2931 371 2998 Inde
395 2952 473 2997 oum
497 2918 578 2996 dem
600 2929 815 2996 coniunctum
841 2927 879 2993 fit
901 2948 1076 3012 12212222,
1098 2935 1192 3022 quod
1297 2959 1302 2968 ’

134 3018 297 3168 ,21ῗηὶ11221
329 3017 449 3084 eodem
476 3040 517 3082 22
547 3017 633 3082 loco.
669 3012 745 3081 Cf.
762 3016 917 3097 Priscian.
950 3019 1002 3084 15.
1033 3042 1068 3107 p.
1094 3027 1190 3089 1013.

134 3108 165 3168 G
181 3105 442 3169 associandum.
486 3103 591 3190 Saepe
607 3098 741 3168 'additur
755 3124 883 3167 nomen
898 3102 999 3190 ipsius
1014 3104 1092 3171 loci.
1122 3108 1189 3173 vid.

130 3188 306 3255 Drakenb.
324 3190 365 3252 ad
380 3191 453 3254 Liv.
469 3190 531 3268 25,
548 3189 652 3269 ¹527·
696 3188 885 3263 Suntuero
909 3191 1109 3276 scriptores,
1133 3193 1191 3280 qui

132 3295 196 3338 usu
219 3272 318 3337 huius
333 3273 484 3338 vocabuli
504 3273 645 3338 omnino
668 3273 863 3353 abstinuisse
885 3267 1056 3342 videntur:
1077 3278 1189 3346 Livius

132 3382 211 3426 eum
228 3358 431 3425 creberrime
446 3358 607 3425 adhibuit.
847 3360 853 3370 ‘

236 3487 295 3541 cic.
312 3505 338 3556 p.
351 3488 434 3541 llaec.
450 3483 571 3560 212221,
588 3482 632 3536 24.
660 3500 723 3552 quos
735 3479 883 3538 ’1222212222
899 3486 1048 3544 indidemne
1069 3491 1187 3558 Ameria,

198 3590 236 3626 an
252 3575 327 3626 leonae
341 3591 372 3627 22
385 3574 447 3627 arbe
460 3568 593 3626 2122221221
609 3565 745 3643 21222,
762 3568 805 3634 12,
819 3568 846 3620 5.
871 3572 958 3624 additi
976 3582 1050 3627 erant
1069 3576 1188 3647 Bruttio·
1222 3592 1226 3599 ¹
1302 3560 1304 3566 ’

138 3657 139 3660 ’
196 3674 262 3709 ram·
272 3658 388 3711 indidem
400 3660 542 3728 perfugae.
559 3655 581 3709 i.
597 3671 622 3708 e.
642 3671 677 3707 ox
693 3653 790 3707 eadem
806 3652 913 3708 Sicilia.
946 3653 998 3720 28,
1014 3657 1047 3721 1,
1061 3656 1088 3710 6.
1113 3653 1232 3731 ‹laici-⁸·

199 3743 246 3793 122
265 3743 381 3797 indidem
402 3760 433 3796 22
455 3742 597 3796 Celtiberia
619 3739 778 3810 transfugis.
796 3737 1075 3806 ’2212222222
1096 3750 1188 3812 rogat,

200 3833 229 3879 nt
247 3827 406 3897 Hispalam,
430 3827 546 3903 indidem
568 3843 598 3880 22
616 3824 745 3880 Aventino
764 3823 910 3878 libertinam
934 3853 970 3866 -·
995 3835 1131 3880 arcuisset
1152 3828 1189 3880 ad
1217 3879 1219 3885 ,
1280 3887 1282 3891 ,

201 3928 264 3963 sese.
298 3908 666 3979 insultationum
681 3915 753 3981 eret,
771 3911 847 3981 longe
867 3908 981 3980 omnium
997 3912 1189 3981 Campanorum

195 3996 359 4064 fortissimas
388 4017 470 4069 eques.
512 3996 621 4052 cornel.
641 3989 739 4065 Epam.
760 3990 794 4060 5,
816 3993 843 4058 2.
869 3992 980 4049 Taurus
1008 3994 1189 4064 philosophus

142 4080 148 4111 r
201 4079 274 4148 apud
289 4080 405 4148 02110,
418 4083 461 4139 10.
477 4086 599 4165 Euclides
614 4084 660 4157 pai
673 4081 791 4139 indidem
793 4079 926 4231 giam
942 4086 1009 4137 2221.
1023 4091 1034 4145 ζ
