2632 4770
595 238 723 303 HAVD.
758 221 761 294 ᾗ
1073 252 1076 257 ·
1141 252 1183 312 qq

119 390 200 443 (Μ
213 389 336 444 min
352 388 412 456 397⁸·
426 392 490 458 '³⁰ss
507 392 543 445 da
564 392 650 448 walter
665 395 833 460 fortscbreat.
869 396 936 466 Quis
953 411 1019 452 vero
1039 397 1096 452 iam
1109 398 1181 454 desi-

126 473 371 544 derabitqcaussas
386 472 582 528 dissensionis?

200 556 339 626 Reliquae
352 559 473 613 rationes
487 578 540 613 uon
554 561 644 631 magis
664 561 732 617 satis
751 563 863 618 iaciunt.
896 564 968 618 Nam
989 567 1059 632 quod
1083 568 1180 622 cicero
1199 610 1203 619 .

134 658 185 695 uos
197 640 300 712 didisse
316 642 426 696 videtur
440 647 514 698 baad
531 647 586 711 ilc,
607 646 653 698 sed
674 666 725 699 non
745 648 802 712 ita,
820 650 881 702 ideo
898 650 1002 703 iactum
1024 668 1083 702 csse
1104 655 1181 720 putat

135 727 368 802 Strireuburgius,
384 729 512 796 quoniam
534 730 684 785 fluctuandi
706 732 779 785 notio
796 752 848 786 nou
866 734 994 803 coniungi
1015 742 1104 804 posset
1119 754 1180 789 cum

136 812 179 875 its,
194 810 225 864 in
243 829 299 880 quo
312 811 373 881 ipso
387 814 537 868 fluctuandi
553 815 596 869 vis
615 818 751 883 quaedam
768 818 878 873 inesset.
912 822 949 873 At
962 822 1032 873 haec
1045 820 1086 872 vis
1101 820 1181 888 plane

140 896 222 951 aliena
249 902 294 950 est
317 913 336 951 a
359 899 493 953 vocabulo
517 900 582 954 ita.
607 902 644 953 Et
669 903 740 968 quod
767 902 794 955 in
821 907 983 959 Aratcorum
1012 904 1181 974 fragmentis,

144 997 164 1033 a.
173 981 229 1035 tlt.
246 980 360 1060 legitur,
377 984 447 1036 baud
460 986 502 1036 ito
517 1003 586 1048 uero,
599 984 628 1036 id
643 1003 696 1042 nun
713 987 804 1041 decuit
821 991 903 1042 metri
918 989 1072 1043 necessitati
1086 989 1181 1056 tribui,

148 1067 261 1136 usquein
275 1084 328 1120 usu
342 1064 433 1130 Livii,
453 1066 501 1134 qui
522 1069 582 1143 plus
603 1069 689 1122 vicies
704 1073 777 1125 baud
793 1077 832 1125 ita
846 1075 974 1142 loquutus
989 1079 1045 1139 est,
1064 1072 1180 1125 deterio-

114 1180 117 1189 ·
153 1151 331 1206 isbtinitatis
348 1151 540 1204 documentum
558 1154 739 1220 agnoscimus.
773 1156 906 1212 Dixeruut
927 1157 966 1210 ita
986 1156 1182 1211 et-Tcreutius

157 1244 176 1290 et
189 1238 323 1292 Cornelius
338 1242 368 1291 et
387 1235 519 1304 Virgilius
539 1242 567 1288 et
586 1238 735 1304 Horatius,
752 1240 847 1308 optimi
862 1241 1036 1310 elegantioris
1057 1240 1180 1295 dictionis

123 1350 126 1357 ·
160 1327 266 1375 sucurre.
299 1322 378 1373 Couf.
395 1320 525 1374 Bremius
541 1323 576 1374 ad
593 1322 700 1375 Cornel.
718 1325 799 1377 Paus-
818 1324 843 1388 1,
865 1326 890 1378 2.
925 1326 1052 1378 Ceterum
1065 1317 1180 1394 per'mi-
1250 1392 1253 1397 ‚

162 1407 279 1461 liuirum
292 1406 405 1459 videtur
419 1423 564 1459 numerare
581 1407 672 1472 locos,
690 1407 831 1475 inquibus
847 1409 947 1476 aliquis
964 1411 1081 1479 scriptor
1097 1427 1209 1481 roca-a

164 1492 233 1544 babor
249 1491 399 1544 communis
421 1510 486 1544 usus
508 1493 647 1560 posuerit,
680 1498 728 1545 aut
746 1511 849 1562 negare
873 1493 996 1562 aliquem
1010 1497 1180 1565 scriptorem,
1234 1499 1236 1506 ⁴

114 1617 120 1651 q
169 1574 219 1629 caius
230 1575 311 1628 libros
330 1593 384 1629 uon
397 1595 490 1630 omnes
509 1578 598 1631 adbuc
614 1585 738 1630 servatos
754 1578 904 1642 habemus,
924 1580 986 1646 plns
1001 1580 1086 1632 semel
1098 1596 1182 1631 voca·

139 1720 142 1725 ¹
169 1660 233 1712 lalou
251 1677 407 1728 usurpasse,
451 1661 480 1714 Si
504 1678 570 1713 vero
592 1660 721 1713 abstinuit
747 1662 861 1726 Cicero,
889 1669 1033 1730 propterea
1056 1662 1086 1714 id
1105 1663 1181 1725 fecit,

114 1788 120 1807 ,
169 1745 289 1813 podhanc
305 1745 495 1813 loquutionem
512 1746 620 1798 viderat
635 1740 774 1814 propriam
792 1764 851 1799 esse
869 1745 981 1816 vulgari
1002 1744 1092 1810 vitae,
1110 1744 1181 1797 uude

114 1880 118 1890 ,
169 1831 245 1885 uniit
260 1832 288 1885 in
303 1835 447 1900 poctarum
461 1847 632 1894 sermonem,
649 1848 701 1883 non
717 1831 746 1883 in
761 1837 900 1884 oratorum
914 1831 1007 1885 libros.

211 1919 243 1970 Ex
255 1919 332 1986 ipsa,
355 1932 438 1983 quam
454 1913 581 1981 explicui,
602 1915 751 1981 particulae
766 1922 873 1981 natura,
894 1933 947 1968 nou
964 1932 997 1967 ex
1012 1913 1069 1966 ulia
1085 1926 1195 1964 caussa·

114 2040 116 2063 ,
166 2000 308 2074 inteligitur,
323 1999 474 2055 curbatini
491 2015 638 2067 numquam
652 2001 850 2067 composuerint
866 1999 1132 2056 verbaboudsolom
1147 2024 1184 2036 -·-
1218 2033 1223 2039 .

165 2088 290 2154 melicas,
315 2103 405 2154 nequa
427 2087 529 2138 omnino
553 2086 640 2150 baud,
661 2103 749 2152 neque
765 2086 836 2137 baud
853 2088 986 2150 sortasse,
1004 2100 1093 2153 neque
1109 2081 1182 2140 baad

165 2181 269 2242 nuquam
284 2181 316 2227 ct
330 2170 440 2235 similia,
466 2187 536 2239 quae
555 2168 660 2221 nonnisi
676 2170 827 2237 simplicem
842 2170 1015 2238 negationem
1028 2167 1184 2232 admittunt·
1242 2154 1247 2162 ’

165 2259 308 2328 Quamquam
328 2256 478 2310 cavendum
493 2261 552 2308 erat
567 2253 765 2323 Stirrcuburgio
774 2294 782 2322 ,
806 2272 840 2306 ue
860 2262 963 2307 temere
979 2257 1113 2321 negaret,
1132 2266 1182 2302 ve·

164 2347 214 2396 oro
225 2345 322 2396 dixisse
338 2344 411 2396 baud
426 2343 513 2410 raugia
528 2358 625 2408 queem,
646 2338 722 2390 cuius
741 2339 865 2392 dictionis
879 2340 1003 2405 exempla
1023 2338 1087 2388 vido
1110 2336 1183 2402 apud

163 2443 195 2480 nos
206 2448 228 2498 p.
240 2428 275 2482 23
293 2433 321 2481 et
339 2445 365 2496 p.
381 2423 424 2478 36.
445 2441 499 2477 neu
509 2423 663 2486 dubitaret,
681 2440 715 2474 an
730 2425 850 2474 baad-
866 2425 937 2474 ltnod
951 2422 993 2493 bis
1012 2421 1075 2490 poni
1092 2424 1184 2488 posset

162 2511 189 2564 u·
200 2531 244 2566 ooo
256 2542 291 2550 -
305 2530 373 2564 non.-
390 2509 455 2562 vide
475 2526 501 2575 p.
518 2506 561 2558 36.
593 2507 650 2560 Nec
672 2513 823 2573 suspectam
837 2507 1000 2559 habebimus
1021 2506 1183 2568 orationem,

161 2594 234 2667 inqua
248 2616 299 2666 per
319 2597 392 2649 baad
409 2598 579 2661 opponuntur
603 2590 659 2643 alia
680 2590 770 2645 dictas
797 2608 862 2642 uam
884 2597 994 2658 praeter
1014 2591 1088 2643 locos
1109 2587 1182 2641 Livii

159 2679 250 2748 t1,se,
267 2683 293 2738 tl.
314 2685 343 2733 et
364 2677 456 2730 Taciti
475 2675 511 2742 6,
529 2676 571 2729 36.
589 2675 645 2728 alia
664 2677 751 2727 multa
772 2682 876 2729 exstant
897 2677 1032 2744 exempla.
1065 2676 1182 2727 Perraro

158 2763 250 2820 inveniri
264 2767 316 2820 oiri
332 2793 367 2804 -
381 2764 452 2816 baed
466 2770 494 2815 et
511 2763 585 2816 houd
603 2789 637 2802 -
654 2763 708 2813 nial
722 2761 842 2816 affirmat
855 2759 1078 2829 Stiirenburgius,
1100 2775 1184 2827 quum

156 2847 198 2917 ipsa
219 2852 321 2904 duobus
337 2847 461 2906 'iulocis
486 2847 547 2900 Liv.
570 2846 619 2911 27,
642 2845 685 2898 42.
711 2853 739 2898 et
756 2845 848 2898 Taciti
865 2846 933 2898 siun.
948 2845 973 2910 3,
992 2843 1035 2898 65.
1060 2844 1183 2913 legisset.

157 2933 203 2991 tris
215 2953 265 3006 ego
280 2933 344 2987 dedi
363 2949 389 3001 p.
404 2931 447 2984 36.
481 2933 522 2984 Ex
538 2948 570 2982 ee
587 2948 662 2995 vero,
680 2930 857 2997 quodCicero
874 2928 948 2982 band
960 2947 1014 2982 nou
1031 2918 1184 2997 composuit

157 3037 202 3073 tum
216 3018 377 3082 adiectivis,
404 3032 474 3083 quae
488 3015 660 3084 negationem
681 3014 709 3065 iu
723 3033 752 3066 se
766 3015 884 3079 habeut,
903 3014 935 3066 id>
948 3021 1054 3067 tantum
1071 3029 1183 3066 caussae

157 3105 231 3175 colligi
250 3105 333 3167 licet,
351 3101 476 3169 Ciceroni
499 3118 552 3151 uon
574 3099 709 3168 placuisse
729 3099 944 3152 artificiosiorem
966 3101 1099 3164 formam,
1129 3113 1184 3165 qua

157 3187 228 3243 litotes
248 3187 420 3256 exprimitur.
460 3186 566 3238 Tamen
590 3183 647 3255 ipse
669 3182 777 3251 scripsit
801 3183 835 3234 de
854 3182 964 3250 uina,
978 3182 1027 3248 39,
1044 3182 1087 3235 82.
1112 3181 1184 3234 baud

156 3290 162 3323 r
214 3293 235 3328 o.

162 3290 303 3412 munisse
317 3353 457 3424 opiniones
471 3351 701 3422 Stfirenburgium
720 3353 803 3406 etiam
825 3353 854 3404 iu
872 3350 967 3403 critica
989 3352 1050 3402 arte
1067 3347 1184 3415 impedi-

155 3449 244 3494 ana.
276 3440 349 3494 nam
363 3420 856 3502 acn.a0niv.'1,sa,1eo.‚uoa
875 3435 904 3487 a
926 3434 990 3486 arra
1011 3433 1088 3485 rnna
1111 3432 1185 3485 asoa

153 3524 266 3590 delitent,
286 3524 315 3577 iu
328 3523 393 3577 aliis
406 3542 454 3576 oon
472 3526 499 3576 sl.
518 3523 640 3592 legitur,
661 3519 762 3587 optimc
775 3521 841 3580 iuro¹
859 3519 969 3572 dolendi
989 3524 1078 3586 potest
1101 3519 1183 3581 baud,
1280 3585 1282 3589 ⁷

152 3607 254 3663 simodo
269 3625 319 3672 ea,
337 3625 408 3675 quae
426 3626 452 3675 p.
466 3609 511 3662 29.
526 3612 554 3658 et
571 3624 597 3673 p.
612 3605 655 3658 30.
674 3605 772 3669 attuli,
791 3603 1002 3673 comparaveris.
1044 3602 1076 3654 lu
1097 3599 1184 3668 Epist.

151 3692 177 3744 ad
187 3692 241 3746 Aa.
255 3691 289 3757 i,
305 3691 349 3744 15.
370 3692 440 3744 nibil
456 3693 547 3747 rarius
563 3708 623 3744 esse
640 3696 728 3757 potest
741 3691 877 3759 scriptura
891 3687 1011 3752 codicis,
1031 3686 1078 3755 qai
1097 3701 1182 3754 prae·

149 3778 239 3832 brtoed
255 3779 279 3830 is
297 3777 370 3829 baad
391 3777 496 3830 aedues
516 3778 543 3828 in
564 3777 676 3829 cenatio.
694 3778 747 3828 lroc
765 3782 823 3830 ests
843 3776 958 3853 docboer
977 3773 1063 3824 warde
1085 3773 1113 3823 in
1137 3771 1184 3823 der

150 3862 338 3930 lennmmlung
352 3877 406 3930 gor
427 3861 499 3912 oicbt
516 3862 628 3929 gebest:
646 3859 746 3913 omissa
762 3860 908 3930 negatione
923 3856 1059 3921 claudicat
1072 3859 1184 3908 senteu-

144 3944 186 4000 tia.
216 3945 248 3998 ln
274 3946 336 3998 loco
358 3944 394 3999 ad
415 3943 472 3998 Att.
494 3942 544 4010 13,
565 3943 610 3998 43.
635 3944 809 4000 scribendum
831 3948 872 3998 est
899 3943 970 3997 baud
992 3958 1114 4010 umquam
1139 3956 1185 3992 aa·

141 4048 202 4087 essse
219 4031 276 4086 crit.
